%YAML 1.1
%TAG !u! tag:unity3d.com,2011:
--- !u!1001 &100100000
Prefab:
  m_ObjectHideFlags: 1
  serializedVersion: 2
  m_Modification:
    m_TransformParent: {fileID: 0}
    m_Modifications: []
    m_RemovedComponents: []
  m_ParentPrefab: {fileID: 0}
  m_RootGameObject: {fileID: 1540675267447214}
  m_IsPrefabParent: 1
--- !u!1 &1032371396032102
GameObject:
  m_ObjectHideFlags: 1
  m_PrefabParentObject: {fileID: 0}
  m_PrefabInternal: {fileID: 100100000}
  serializedVersion: 5
  m_Component:
  - component: {fileID: 4752306316728774}
  m_Layer: 0
  m_Name: Base HumanRDigit23
  m_TagString: Untagged
  m_Icon: {fileID: 0}
  m_NavMeshLayer: 0
  m_StaticEditorFlags: 0
  m_IsActive: 1
--- !u!1 &1036623737208064
GameObject:
  m_ObjectHideFlags: 0
  m_PrefabParentObject: {fileID: 0}
  m_PrefabInternal: {fileID: 100100000}
  serializedVersion: 5
  m_Component:
  - component: {fileID: 4373075026158448}
  m_Layer: 0
  m_Name: Base HumanLPlatform
  m_TagString: Untagged
  m_Icon: {fileID: 0}
  m_NavMeshLayer: 0
  m_StaticEditorFlags: 0
  m_IsActive: 1
--- !u!1 &1087398841729084
GameObject:
  m_ObjectHideFlags: 1
  m_PrefabParentObject: {fileID: 0}
  m_PrefabInternal: {fileID: 100100000}
  serializedVersion: 5
  m_Component:
  - component: {fileID: 4856832551542250}
  m_Layer: 0
  m_Name: Base HumanSkirt11
  m_TagString: Untagged
  m_Icon: {fileID: 0}
  m_NavMeshLayer: 0
  m_StaticEditorFlags: 0
  m_IsActive: 1
--- !u!1 &1110087743116732
GameObject:
  m_ObjectHideFlags: 1
  m_PrefabParentObject: {fileID: 0}
  m_PrefabInternal: {fileID: 100100000}
  serializedVersion: 5
  m_Component:
  - component: {fileID: 4304628235918472}
  m_Layer: 0
  m_Name: Base HumanRDigit12
  m_TagString: Untagged
  m_Icon: {fileID: 0}
  m_NavMeshLayer: 0
  m_StaticEditorFlags: 0
  m_IsActive: 1
--- !u!1 &1118991781797518
GameObject:
  m_ObjectHideFlags: 1
  m_PrefabParentObject: {fileID: 0}
  m_PrefabInternal: {fileID: 100100000}
  serializedVersion: 5
  m_Component:
  - component: {fileID: 4469029299889914}
  m_Layer: 0
  m_Name: Base HumanLForearm
  m_TagString: Untagged
  m_Icon: {fileID: 0}
  m_NavMeshLayer: 0
  m_StaticEditorFlags: 0
  m_IsActive: 1
--- !u!1 &1130336795648190
GameObject:
  m_ObjectHideFlags: 0
  m_PrefabParentObject: {fileID: 0}
  m_PrefabInternal: {fileID: 100100000}
  serializedVersion: 5
  m_Component:
  - component: {fileID: 4197977651963494}
  m_Layer: 0
  m_Name: Base Human
  m_TagString: Untagged
  m_Icon: {fileID: 0}
  m_NavMeshLayer: 0
  m_StaticEditorFlags: 0
  m_IsActive: 1
--- !u!1 &1179997595323766
GameObject:
  m_ObjectHideFlags: 0
  m_PrefabParentObject: {fileID: 0}
  m_PrefabInternal: {fileID: 100100000}
  serializedVersion: 5
  m_Component:
  - component: {fileID: 4332851699623540}
  - component: {fileID: 137500084141761552}
  m_Layer: 0
  m_Name: GIRL_BODY_02
  m_TagString: Untagged
  m_Icon: {fileID: 0}
  m_NavMeshLayer: 0
  m_StaticEditorFlags: 0
  m_IsActive: 1
--- !u!1 &1211949446932066
GameObject:
  m_ObjectHideFlags: 1
  m_PrefabParentObject: {fileID: 0}
  m_PrefabInternal: {fileID: 100100000}
  serializedVersion: 5
  m_Component:
  - component: {fileID: 4102054999977810}
  m_Layer: 0
  m_Name: Base HumanLDigit42
  m_TagString: Untagged
  m_Icon: {fileID: 0}
  m_NavMeshLayer: 0
  m_StaticEditorFlags: 0
  m_IsActive: 1
--- !u!1 &1231763286668246
GameObject:
  m_ObjectHideFlags: 1
  m_PrefabParentObject: {fileID: 0}
  m_PrefabInternal: {fileID: 100100000}
  serializedVersion: 5
  m_Component:
  - component: {fileID: 4426980033404766}
  m_Layer: 0
  m_Name: Base HumanSpine3-x
  m_TagString: Untagged
  m_Icon: {fileID: 0}
  m_NavMeshLayer: 0
  m_StaticEditorFlags: 0
  m_IsActive: 1
--- !u!1 &1233672522367654
GameObject:
  m_ObjectHideFlags: 1
  m_PrefabParentObject: {fileID: 0}
  m_PrefabInternal: {fileID: 100100000}
  serializedVersion: 5
  m_Component:
  - component: {fileID: 4371516148630018}
  m_Layer: 0
  m_Name: Base HumanLFoot
  m_TagString: Untagged
  m_Icon: {fileID: 0}
  m_NavMeshLayer: 0
  m_StaticEditorFlags: 0
  m_IsActive: 1
--- !u!1 &1237520418551572
GameObject:
  m_ObjectHideFlags: 1
  m_PrefabParentObject: {fileID: 0}
  m_PrefabInternal: {fileID: 100100000}
  serializedVersion: 5
  m_Component:
  - component: {fileID: 4205217784527280}
  m_Layer: 0
  m_Name: Base HumanSkirt6
  m_TagString: Untagged
  m_Icon: {fileID: 0}
  m_NavMeshLayer: 0
  m_StaticEditorFlags: 0
  m_IsActive: 1
--- !u!1 &1264509497762030
GameObject:
  m_ObjectHideFlags: 1
  m_PrefabParentObject: {fileID: 0}
  m_PrefabInternal: {fileID: 100100000}
  serializedVersion: 5
  m_Component:
  - component: {fileID: 4114799921858462}
  m_Layer: 0
  m_Name: Base HumanSkirt7
  m_TagString: Untagged
  m_Icon: {fileID: 0}
  m_NavMeshLayer: 0
  m_StaticEditorFlags: 0
  m_IsActive: 1
--- !u!1 &1265686848289944
GameObject:
  m_ObjectHideFlags: 1
  m_PrefabParentObject: {fileID: 0}
  m_PrefabInternal: {fileID: 100100000}
  serializedVersion: 5
  m_Component:
  - component: {fileID: 4233770800209356}
  m_Layer: 0
  m_Name: Base HumanRDigit13
  m_TagString: Untagged
  m_Icon: {fileID: 0}
  m_NavMeshLayer: 0
  m_StaticEditorFlags: 0
  m_IsActive: 1
--- !u!1 &1285355231931162
GameObject:
  m_ObjectHideFlags: 1
  m_PrefabParentObject: {fileID: 0}
  m_PrefabInternal: {fileID: 100100000}
  serializedVersion: 5
  m_Component:
  - component: {fileID: 4776647171860346}
  m_Layer: 0
  m_Name: Base HumanLPalm
  m_TagString: Untagged
  m_Icon: {fileID: 0}
  m_NavMeshLayer: 0
  m_StaticEditorFlags: 0
  m_IsActive: 1
--- !u!1 &1288564851070484
GameObject:
  m_ObjectHideFlags: 1
  m_PrefabParentObject: {fileID: 0}
  m_PrefabInternal: {fileID: 100100000}
  serializedVersion: 5
  m_Component:
  - component: {fileID: 4660901262240894}
  m_Layer: 0
  m_Name: Base HumanNeck2-x
  m_TagString: Untagged
  m_Icon: {fileID: 0}
  m_NavMeshLayer: 0
  m_StaticEditorFlags: 0
  m_IsActive: 1
--- !u!1 &1309697014739284
GameObject:
  m_ObjectHideFlags: 1
  m_PrefabParentObject: {fileID: 0}
  m_PrefabInternal: {fileID: 100100000}
  serializedVersion: 5
  m_Component:
  - component: {fileID: 4108349805394012}
  m_Layer: 0
  m_Name: Base HumanRDigit41
  m_TagString: Untagged
  m_Icon: {fileID: 0}
  m_NavMeshLayer: 0
  m_StaticEditorFlags: 0
  m_IsActive: 1
--- !u!1 &1315482466933254
GameObject:
  m_ObjectHideFlags: 1
  m_PrefabParentObject: {fileID: 0}
  m_PrefabInternal: {fileID: 100100000}
  serializedVersion: 5
  m_Component:
  - component: {fileID: 4372746635046582}
  m_Layer: 0
  m_Name: Base HumanRDigit21
  m_TagString: Untagged
  m_Icon: {fileID: 0}
  m_NavMeshLayer: 0
  m_StaticEditorFlags: 0
  m_IsActive: 1
--- !u!1 &1318649810150358
GameObject:
  m_ObjectHideFlags: 1
  m_PrefabParentObject: {fileID: 0}
  m_PrefabInternal: {fileID: 100100000}
  serializedVersion: 5
  m_Component:
  - component: {fileID: 4783249661446556}
  m_Layer: 0
  m_Name: Base HumanRDigit31
  m_TagString: Untagged
  m_Icon: {fileID: 0}
  m_NavMeshLayer: 0
  m_StaticEditorFlags: 0
  m_IsActive: 1
--- !u!1 &1323255480176648
GameObject:
  m_ObjectHideFlags: 1
  m_PrefabParentObject: {fileID: 0}
  m_PrefabInternal: {fileID: 100100000}
  serializedVersion: 5
  m_Component:
  - component: {fileID: 4690547473301294}
  m_Layer: 0
  m_Name: Base HumanLDigit31
  m_TagString: Untagged
  m_Icon: {fileID: 0}
  m_NavMeshLayer: 0
  m_StaticEditorFlags: 0
  m_IsActive: 1
--- !u!1 &1338975992315512
GameObject:
  m_ObjectHideFlags: 1
  m_PrefabParentObject: {fileID: 0}
  m_PrefabInternal: {fileID: 100100000}
  serializedVersion: 5
  m_Component:
  - component: {fileID: 4917821661725396}
  m_Layer: 0
  m_Name: Base HumanRForearm
  m_TagString: Untagged
  m_Icon: {fileID: 0}
  m_NavMeshLayer: 0
  m_StaticEditorFlags: 0
  m_IsActive: 1
--- !u!1 &1342389582911116
GameObject:
  m_ObjectHideFlags: 1
  m_PrefabParentObject: {fileID: 0}
  m_PrefabInternal: {fileID: 100100000}
  serializedVersion: 5
  m_Component:
  - component: {fileID: 4391705762615776}
  m_Layer: 0
  m_Name: Base HumanRFoot
  m_TagString: Untagged
  m_Icon: {fileID: 0}
  m_NavMeshLayer: 0
  m_StaticEditorFlags: 0
  m_IsActive: 1
--- !u!1 &1366123889210166
GameObject:
  m_ObjectHideFlags: 1
  m_PrefabParentObject: {fileID: 0}
  m_PrefabInternal: {fileID: 100100000}
  serializedVersion: 5
  m_Component:
  - component: {fileID: 4132589369623768}
  m_Layer: 0
  m_Name: Base HumanLDigit51
  m_TagString: Untagged
  m_Icon: {fileID: 0}
  m_NavMeshLayer: 0
  m_StaticEditorFlags: 0
  m_IsActive: 1
--- !u!1 &1370674610477490
GameObject:
  m_ObjectHideFlags: 1
  m_PrefabParentObject: {fileID: 0}
  m_PrefabInternal: {fileID: 100100000}
  serializedVersion: 5
  m_Component:
  - component: {fileID: 4159200175905768}
  m_Layer: 0
  m_Name: Base HumanRibcage
  m_TagString: Untagged
  m_Icon: {fileID: 0}
  m_NavMeshLayer: 0
  m_StaticEditorFlags: 0
  m_IsActive: 1
--- !u!1 &1380840785497746
GameObject:
  m_ObjectHideFlags: 1
  m_PrefabParentObject: {fileID: 0}
  m_PrefabInternal: {fileID: 100100000}
  serializedVersion: 5
  m_Component:
  - component: {fileID: 4724840795757120}
  m_Layer: 0
  m_Name: Base HumanLDigit43
  m_TagString: Untagged
  m_Icon: {fileID: 0}
  m_NavMeshLayer: 0
  m_StaticEditorFlags: 0
  m_IsActive: 1
--- !u!1 &1388990886407520
GameObject:
  m_ObjectHideFlags: 1
  m_PrefabParentObject: {fileID: 0}
  m_PrefabInternal: {fileID: 100100000}
  serializedVersion: 5
  m_Component:
  - component: {fileID: 4712934118240032}
  m_Layer: 0
  m_Name: Base HumanLDigit33
  m_TagString: Untagged
  m_Icon: {fileID: 0}
  m_NavMeshLayer: 0
  m_StaticEditorFlags: 0
  m_IsActive: 1
--- !u!1 &1404497602614536
GameObject:
  m_ObjectHideFlags: 1
  m_PrefabParentObject: {fileID: 0}
  m_PrefabInternal: {fileID: 100100000}
  serializedVersion: 5
  m_Component:
  - component: {fileID: 4710860259993364}
  m_Layer: 0
  m_Name: Base HumanLDigit22
  m_TagString: Untagged
  m_Icon: {fileID: 0}
  m_NavMeshLayer: 0
  m_StaticEditorFlags: 0
  m_IsActive: 1
--- !u!1 &1408180876303858
GameObject:
  m_ObjectHideFlags: 1
  m_PrefabParentObject: {fileID: 0}
  m_PrefabInternal: {fileID: 100100000}
  serializedVersion: 5
  m_Component:
  - component: {fileID: 4214812267220356}
  m_Layer: 0
  m_Name: Base HumanSkirt14
  m_TagString: Untagged
  m_Icon: {fileID: 0}
  m_NavMeshLayer: 0
  m_StaticEditorFlags: 0
  m_IsActive: 1
--- !u!1 &1419659482849978
GameObject:
  m_ObjectHideFlags: 1
  m_PrefabParentObject: {fileID: 0}
  m_PrefabInternal: {fileID: 100100000}
  serializedVersion: 5
  m_Component:
  - component: {fileID: 4833002386728598}
  m_Layer: 0
  m_Name: Base HumanLDigit32
  m_TagString: Untagged
  m_Icon: {fileID: 0}
  m_NavMeshLayer: 0
  m_StaticEditorFlags: 0
  m_IsActive: 1
--- !u!1 &1421284984485912
GameObject:
  m_ObjectHideFlags: 1
  m_PrefabParentObject: {fileID: 0}
  m_PrefabInternal: {fileID: 100100000}
  serializedVersion: 5
  m_Component:
  - component: {fileID: 4460446411746030}
  m_Layer: 0
  m_Name: Base HumanSkirt13
  m_TagString: Untagged
  m_Icon: {fileID: 0}
  m_NavMeshLayer: 0
  m_StaticEditorFlags: 0
  m_IsActive: 1
--- !u!1 &1425381306931760
GameObject:
  m_ObjectHideFlags: 1
  m_PrefabParentObject: {fileID: 0}
  m_PrefabInternal: {fileID: 100100000}
  serializedVersion: 5
  m_Component:
  - component: {fileID: 4569216689251372}
  m_Layer: 0
  m_Name: Base HumanLThigh
  m_TagString: Untagged
  m_Icon: {fileID: 0}
  m_NavMeshLayer: 0
  m_StaticEditorFlags: 0
  m_IsActive: 1
--- !u!1 &1430359310833168
GameObject:
  m_ObjectHideFlags: 1
  m_PrefabParentObject: {fileID: 0}
  m_PrefabInternal: {fileID: 100100000}
  serializedVersion: 5
  m_Component:
  - component: {fileID: 4977798955508116}
  - component: {fileID: 137578141478725414}
  m_Layer: 0
  m_Name: GIRL_HAIR_02
  m_TagString: Untagged
  m_Icon: {fileID: 0}
  m_NavMeshLayer: 0
  m_StaticEditorFlags: 0
  m_IsActive: 1
--- !u!1 &1433837992648138
GameObject:
  m_ObjectHideFlags: 1
  m_PrefabParentObject: {fileID: 0}
  m_PrefabInternal: {fileID: 100100000}
  serializedVersion: 5
  m_Component:
  - component: {fileID: 4012843321737940}
  m_Layer: 0
  m_Name: Base HumanSpine2
  m_TagString: Untagged
  m_Icon: {fileID: 0}
  m_NavMeshLayer: 0
  m_StaticEditorFlags: 0
  m_IsActive: 1
--- !u!1 &1485199255363970
GameObject:
  m_ObjectHideFlags: 1
  m_PrefabParentObject: {fileID: 0}
  m_PrefabInternal: {fileID: 100100000}
  serializedVersion: 5
  m_Component:
  - component: {fileID: 4436811241535496}
  m_Layer: 0
  m_Name: Base HumanRDigit33
  m_TagString: Untagged
  m_Icon: {fileID: 0}
  m_NavMeshLayer: 0
  m_StaticEditorFlags: 0
  m_IsActive: 1
--- !u!1 &1490850006598276
GameObject:
  m_ObjectHideFlags: 1
  m_PrefabParentObject: {fileID: 0}
  m_PrefabInternal: {fileID: 100100000}
  serializedVersion: 5
  m_Component:
  - component: {fileID: 4701119974357956}
  m_Layer: 0
  m_Name: Base HumanRDigit11 1
  m_TagString: Untagged
  m_Icon: {fileID: 0}
  m_NavMeshLayer: 0
  m_StaticEditorFlags: 0
  m_IsActive: 1
--- !u!1 &1502984717194646
GameObject:
  m_ObjectHideFlags: 1
  m_PrefabParentObject: {fileID: 0}
  m_PrefabInternal: {fileID: 100100000}
  serializedVersion: 5
  m_Component:
  - component: {fileID: 4597158461601394}
  m_Layer: 0
  m_Name: Base HumanRUpperarm
  m_TagString: Untagged
  m_Icon: {fileID: 0}
  m_NavMeshLayer: 0
  m_StaticEditorFlags: 0
  m_IsActive: 1
--- !u!1 &1505549437015342
GameObject:
  m_ObjectHideFlags: 1
  m_PrefabParentObject: {fileID: 0}
  m_PrefabInternal: {fileID: 100100000}
  serializedVersion: 5
  m_Component:
  - component: {fileID: 4653091967937138}
  m_Layer: 0
  m_Name: Base HumanLDigit53
  m_TagString: Untagged
  m_Icon: {fileID: 0}
  m_NavMeshLayer: 0
  m_StaticEditorFlags: 0
  m_IsActive: 1
--- !u!1 &1505673800671464
GameObject:
  m_ObjectHideFlags: 1
  m_PrefabParentObject: {fileID: 0}
  m_PrefabInternal: {fileID: 100100000}
  serializedVersion: 5
  m_Component:
  - component: {fileID: 4495016884918102}
  m_Layer: 0
  m_Name: Base HumanNeck1
  m_TagString: Untagged
  m_Icon: {fileID: 0}
  m_NavMeshLayer: 0
  m_StaticEditorFlags: 0
  m_IsActive: 1
--- !u!1 &1507224034518694
GameObject:
  m_ObjectHideFlags: 1
  m_PrefabParentObject: {fileID: 0}
  m_PrefabInternal: {fileID: 100100000}
  serializedVersion: 5
  m_Component:
  - component: {fileID: 4281396918858478}
  m_Layer: 0
  m_Name: Base HumanRDigit51
  m_TagString: Untagged
  m_Icon: {fileID: 0}
  m_NavMeshLayer: 0
  m_StaticEditorFlags: 0
  m_IsActive: 1
--- !u!1 &1510738693544004
GameObject:
  m_ObjectHideFlags: 1
  m_PrefabParentObject: {fileID: 0}
  m_PrefabInternal: {fileID: 100100000}
  serializedVersion: 5
  m_Component:
  - component: {fileID: 4312608431074896}
  m_Layer: 0
  m_Name: Base HumanRDigit53
  m_TagString: Untagged
  m_Icon: {fileID: 0}
  m_NavMeshLayer: 0
  m_StaticEditorFlags: 0
  m_IsActive: 1
--- !u!1 &1528095127244208
GameObject:
  m_ObjectHideFlags: 1
  m_PrefabParentObject: {fileID: 0}
  m_PrefabInternal: {fileID: 100100000}
  serializedVersion: 5
  m_Component:
  - component: {fileID: 4003874085547402}
  m_Layer: 0
  m_Name: Base HumanSkirt9
  m_TagString: Untagged
  m_Icon: {fileID: 0}
  m_NavMeshLayer: 0
  m_StaticEditorFlags: 0
  m_IsActive: 1
--- !u!1 &1531716629344878
GameObject:
  m_ObjectHideFlags: 1
  m_PrefabParentObject: {fileID: 0}
  m_PrefabInternal: {fileID: 100100000}
  serializedVersion: 5
  m_Component:
  - component: {fileID: 4761239967488040}
  m_Layer: 0
  m_Name: Base HumanSkirt1
  m_TagString: Untagged
  m_Icon: {fileID: 0}
  m_NavMeshLayer: 0
  m_StaticEditorFlags: 0
  m_IsActive: 1
--- !u!1 &1537311263778280
GameObject:
  m_ObjectHideFlags: 1
  m_PrefabParentObject: {fileID: 0}
  m_PrefabInternal: {fileID: 100100000}
  serializedVersion: 5
  m_Component:
  - component: {fileID: 4735165004099676}
  m_Layer: 0
  m_Name: Base HumanLDigit41
  m_TagString: Untagged
  m_Icon: {fileID: 0}
  m_NavMeshLayer: 0
  m_StaticEditorFlags: 0
  m_IsActive: 1
--- !u!1 &1540675267447214
GameObject:
  m_ObjectHideFlags: 0
  m_PrefabParentObject: {fileID: 0}
  m_PrefabInternal: {fileID: 100100000}
  serializedVersion: 5
  m_Component:
  - component: {fileID: 4732616990531630}
  - component: {fileID: 95545932087148926}
  m_Layer: 0
  m_Name: AnimeChibi-SchoolPack-Girl2(Clone) 1
  m_TagString: Untagged
  m_Icon: {fileID: 0}
  m_NavMeshLayer: 0
  m_StaticEditorFlags: 0
  m_IsActive: 1
--- !u!1 &1555623673374262
GameObject:
  m_ObjectHideFlags: 1
  m_PrefabParentObject: {fileID: 0}
  m_PrefabInternal: {fileID: 100100000}
  serializedVersion: 5
  m_Component:
  - component: {fileID: 4336096931071928}
  m_Layer: 0
  m_Name: Base HumanLCollarbone
  m_TagString: Untagged
  m_Icon: {fileID: 0}
  m_NavMeshLayer: 0
  m_StaticEditorFlags: 0
  m_IsActive: 1
--- !u!1 &1564389968600836
GameObject:
  m_ObjectHideFlags: 1
  m_PrefabParentObject: {fileID: 0}
  m_PrefabInternal: {fileID: 100100000}
  serializedVersion: 5
  m_Component:
  - component: {fileID: 4764750144249500}
  m_Layer: 0
  m_Name: Base HumanSkirt3
  m_TagString: Untagged
  m_Icon: {fileID: 0}
  m_NavMeshLayer: 0
  m_StaticEditorFlags: 0
  m_IsActive: 1
--- !u!1 &1580663183754094
GameObject:
  m_ObjectHideFlags: 1
  m_PrefabParentObject: {fileID: 0}
  m_PrefabInternal: {fileID: 100100000}
  serializedVersion: 5
  m_Component:
  - component: {fileID: 4066916138573080}
  m_Layer: 0
  m_Name: Base HumanRDigit11
  m_TagString: Untagged
  m_Icon: {fileID: 0}
  m_NavMeshLayer: 0
  m_StaticEditorFlags: 0
  m_IsActive: 1
--- !u!1 &1609484043309272
GameObject:
  m_ObjectHideFlags: 1
  m_PrefabParentObject: {fileID: 0}
  m_PrefabInternal: {fileID: 100100000}
  serializedVersion: 5
  m_Component:
  - component: {fileID: 4472020028040626}
  m_Layer: 0
  m_Name: Base HumanRDigit32
  m_TagString: Untagged
  m_Icon: {fileID: 0}
  m_NavMeshLayer: 0
  m_StaticEditorFlags: 0
  m_IsActive: 1
--- !u!1 &1609521505992260
GameObject:
  m_ObjectHideFlags: 1
  m_PrefabParentObject: {fileID: 0}
  m_PrefabInternal: {fileID: 100100000}
  serializedVersion: 5
  m_Component:
  - component: {fileID: 4205610715548780}
  m_Layer: 0
  m_Name: Base HumanRDigit52
  m_TagString: Untagged
  m_Icon: {fileID: 0}
  m_NavMeshLayer: 0
  m_StaticEditorFlags: 0
  m_IsActive: 1
--- !u!1 &1610472094804736
GameObject:
  m_ObjectHideFlags: 1
  m_PrefabParentObject: {fileID: 0}
  m_PrefabInternal: {fileID: 100100000}
  serializedVersion: 5
  m_Component:
  - component: {fileID: 4836389173448390}
  m_Layer: 0
  m_Name: Base HumanRDigit42
  m_TagString: Untagged
  m_Icon: {fileID: 0}
  m_NavMeshLayer: 0
  m_StaticEditorFlags: 0
  m_IsActive: 1
--- !u!1 &1629369214724942
GameObject:
  m_ObjectHideFlags: 1
  m_PrefabParentObject: {fileID: 0}
  m_PrefabInternal: {fileID: 100100000}
  serializedVersion: 5
  m_Component:
  - component: {fileID: 4819961203043116}
  m_Layer: 0
  m_Name: Base HumanRDigit43
  m_TagString: Untagged
  m_Icon: {fileID: 0}
  m_NavMeshLayer: 0
  m_StaticEditorFlags: 0
  m_IsActive: 1
--- !u!1 &1652846929972194
GameObject:
  m_ObjectHideFlags: 1
  m_PrefabParentObject: {fileID: 0}
  m_PrefabInternal: {fileID: 100100000}
  serializedVersion: 5
  m_Component:
  - component: {fileID: 4297635886368164}
  m_Layer: 0
  m_Name: Base HumanSkirt12
  m_TagString: Untagged
  m_Icon: {fileID: 0}
  m_NavMeshLayer: 0
  m_StaticEditorFlags: 0
  m_IsActive: 1
--- !u!1 &1656013324305130
GameObject:
  m_ObjectHideFlags: 1
  m_PrefabParentObject: {fileID: 0}
  m_PrefabInternal: {fileID: 100100000}
  serializedVersion: 5
  m_Component:
  - component: {fileID: 4663006520166050}
  m_Layer: 0
  m_Name: Base HumanLDigit13
  m_TagString: Untagged
  m_Icon: {fileID: 0}
  m_NavMeshLayer: 0
  m_StaticEditorFlags: 0
  m_IsActive: 1
--- !u!1 &1718661995912620
GameObject:
  m_ObjectHideFlags: 1
  m_PrefabParentObject: {fileID: 0}
  m_PrefabInternal: {fileID: 100100000}
  serializedVersion: 5
  m_Component:
  - component: {fileID: 4809474027613632}
  m_Layer: 0
  m_Name: Base HumanLUpperarm
  m_TagString: Untagged
  m_Icon: {fileID: 0}
  m_NavMeshLayer: 0
  m_StaticEditorFlags: 0
  m_IsActive: 1
--- !u!1 &1728945773217462
GameObject:
  m_ObjectHideFlags: 1
  m_PrefabParentObject: {fileID: 0}
  m_PrefabInternal: {fileID: 100100000}
  serializedVersion: 5
  m_Component:
  - component: {fileID: 4100073751292146}
  m_Layer: 0
  m_Name: Base HumanLDigit11 1
  m_TagString: Untagged
  m_Icon: {fileID: 0}
  m_NavMeshLayer: 0
  m_StaticEditorFlags: 0
  m_IsActive: 1
--- !u!1 &1745401025960760
GameObject:
  m_ObjectHideFlags: 1
  m_PrefabParentObject: {fileID: 0}
  m_PrefabInternal: {fileID: 100100000}
  serializedVersion: 5
  m_Component:
  - component: {fileID: 4241314263937826}
  m_Layer: 0
  m_Name: Base HumanLDigit21
  m_TagString: Untagged
  m_Icon: {fileID: 0}
  m_NavMeshLayer: 0
  m_StaticEditorFlags: 0
  m_IsActive: 1
--- !u!1 &1746584805046700
GameObject:
  m_ObjectHideFlags: 1
  m_PrefabParentObject: {fileID: 0}
  m_PrefabInternal: {fileID: 100100000}
  serializedVersion: 5
  m_Component:
  - component: {fileID: 4829701796841282}
  m_Layer: 0
  m_Name: Base HumanSpine1
  m_TagString: Untagged
  m_Icon: {fileID: 0}
  m_NavMeshLayer: 0
  m_StaticEditorFlags: 0
  m_IsActive: 1
--- !u!1 &1748160703915336
GameObject:
  m_ObjectHideFlags: 1
  m_PrefabParentObject: {fileID: 0}
  m_PrefabInternal: {fileID: 100100000}
  serializedVersion: 5
  m_Component:
  - component: {fileID: 4146483292581404}
  m_Layer: 0
  m_Name: Base HumanSkirt4
  m_TagString: Untagged
  m_Icon: {fileID: 0}
  m_NavMeshLayer: 0
  m_StaticEditorFlags: 0
  m_IsActive: 1
--- !u!1 &1754417660590192
GameObject:
  m_ObjectHideFlags: 1
  m_PrefabParentObject: {fileID: 0}
  m_PrefabInternal: {fileID: 100100000}
  serializedVersion: 5
  m_Component:
  - component: {fileID: 4499177899957560}
  m_Layer: 0
  m_Name: Base HumanLDigit52
  m_TagString: Untagged
  m_Icon: {fileID: 0}
  m_NavMeshLayer: 0
  m_StaticEditorFlags: 0
  m_IsActive: 1
--- !u!1 &1763759649844738
GameObject:
  m_ObjectHideFlags: 1
  m_PrefabParentObject: {fileID: 0}
  m_PrefabInternal: {fileID: 100100000}
  serializedVersion: 5
  m_Component:
  - component: {fileID: 4789497386022744}
  m_Layer: 0
  m_Name: Base HumanSkirt8
  m_TagString: Untagged
  m_Icon: {fileID: 0}
  m_NavMeshLayer: 0
  m_StaticEditorFlags: 0
  m_IsActive: 1
--- !u!1 &1770370456096614
GameObject:
  m_ObjectHideFlags: 0
  m_PrefabParentObject: {fileID: 0}
  m_PrefabInternal: {fileID: 100100000}
  serializedVersion: 5
  m_Component:
  - component: {fileID: 4280066526265948}
  m_Layer: 0
  m_Name: Base HumanRPlatform
  m_TagString: Untagged
  m_Icon: {fileID: 0}
  m_NavMeshLayer: 0
  m_StaticEditorFlags: 0
  m_IsActive: 1
--- !u!1 &1780883836095554
GameObject:
  m_ObjectHideFlags: 1
  m_PrefabParentObject: {fileID: 0}
  m_PrefabInternal: {fileID: 100100000}
  serializedVersion: 5
  m_Component:
  - component: {fileID: 4706878473297572}
  m_Layer: 0
  m_Name: Base HumanRPalm
  m_TagString: Untagged
  m_Icon: {fileID: 0}
  m_NavMeshLayer: 0
  m_StaticEditorFlags: 0
  m_IsActive: 1
--- !u!1 &1802214200223712
GameObject:
  m_ObjectHideFlags: 1
  m_PrefabParentObject: {fileID: 0}
  m_PrefabInternal: {fileID: 100100000}
  serializedVersion: 5
  m_Component:
  - component: {fileID: 4357405954835578}
  m_Layer: 0
  m_Name: Base HumanRDigit22
  m_TagString: Untagged
  m_Icon: {fileID: 0}
  m_NavMeshLayer: 0
  m_StaticEditorFlags: 0
  m_IsActive: 1
--- !u!1 &1819561259670558
GameObject:
  m_ObjectHideFlags: 1
  m_PrefabParentObject: {fileID: 0}
  m_PrefabInternal: {fileID: 100100000}
  serializedVersion: 5
  m_Component:
  - component: {fileID: 4117206341527046}
  m_Layer: 0
  m_Name: Base HumanRCollarbone
  m_TagString: Untagged
  m_Icon: {fileID: 0}
  m_NavMeshLayer: 0
  m_StaticEditorFlags: 0
  m_IsActive: 1
--- !u!1 &1829347090977818
GameObject:
  m_ObjectHideFlags: 0
  m_PrefabParentObject: {fileID: 0}
  m_PrefabInternal: {fileID: 100100000}
  serializedVersion: 5
  m_Component:
  - component: {fileID: 4891004787829794}
  m_Layer: 0
  m_Name: Base HumanPelvis
  m_TagString: Untagged
  m_Icon: {fileID: 0}
  m_NavMeshLayer: 0
  m_StaticEditorFlags: 0
  m_IsActive: 1
--- !u!1 &1869893695030348
GameObject:
  m_ObjectHideFlags: 1
  m_PrefabParentObject: {fileID: 0}
  m_PrefabInternal: {fileID: 100100000}
  serializedVersion: 5
  m_Component:
  - component: {fileID: 4041377432057322}
  m_Layer: 0
  m_Name: Base HumanSkirt2
  m_TagString: Untagged
  m_Icon: {fileID: 0}
  m_NavMeshLayer: 0
  m_StaticEditorFlags: 0
  m_IsActive: 1
--- !u!1 &1872224956532494
GameObject:
  m_ObjectHideFlags: 1
  m_PrefabParentObject: {fileID: 0}
  m_PrefabInternal: {fileID: 100100000}
  serializedVersion: 5
  m_Component:
  - component: {fileID: 4234268779887364}
  m_Layer: 0
  m_Name: Base HumanSkirt5
  m_TagString: Untagged
  m_Icon: {fileID: 0}
  m_NavMeshLayer: 0
  m_StaticEditorFlags: 0
  m_IsActive: 1
--- !u!1 &1924341443425442
GameObject:
  m_ObjectHideFlags: 1
  m_PrefabParentObject: {fileID: 0}
  m_PrefabInternal: {fileID: 100100000}
  serializedVersion: 5
  m_Component:
  - component: {fileID: 4079814876908244}
  m_Layer: 0
  m_Name: Base HumanHead
  m_TagString: Untagged
  m_Icon: {fileID: 0}
  m_NavMeshLayer: 0
  m_StaticEditorFlags: 0
  m_IsActive: 1
--- !u!1 &1946502113221772
GameObject:
  m_ObjectHideFlags: 1
  m_PrefabParentObject: {fileID: 0}
  m_PrefabInternal: {fileID: 100100000}
  serializedVersion: 5
  m_Component:
  - component: {fileID: 4596411630875674}
  m_Layer: 0
  m_Name: Base HumanLDigit12
  m_TagString: Untagged
  m_Icon: {fileID: 0}
  m_NavMeshLayer: 0
  m_StaticEditorFlags: 0
  m_IsActive: 1
--- !u!1 &1946606909632316
GameObject:
  m_ObjectHideFlags: 1
  m_PrefabParentObject: {fileID: 0}
  m_PrefabInternal: {fileID: 100100000}
  serializedVersion: 5
  m_Component:
  - component: {fileID: 4859131403733340}
  m_Layer: 0
  m_Name: Base HumanLDigit11
  m_TagString: Untagged
  m_Icon: {fileID: 0}
  m_NavMeshLayer: 0
  m_StaticEditorFlags: 0
  m_IsActive: 1
--- !u!1 &1958939094661142
GameObject:
  m_ObjectHideFlags: 1
  m_PrefabParentObject: {fileID: 0}
  m_PrefabInternal: {fileID: 100100000}
  serializedVersion: 5
  m_Component:
  - component: {fileID: 4670007554048376}
  m_Layer: 0
  m_Name: Base HumanRThigh
  m_TagString: Untagged
  m_Icon: {fileID: 0}
  m_NavMeshLayer: 0
  m_StaticEditorFlags: 0
  m_IsActive: 1
--- !u!1 &1967425353059860
GameObject:
  m_ObjectHideFlags: 1
  m_PrefabParentObject: {fileID: 0}
  m_PrefabInternal: {fileID: 100100000}
  serializedVersion: 5
  m_Component:
  - component: {fileID: 4395793493572194}
  m_Layer: 0
  m_Name: Base HumanSkirt10
  m_TagString: Untagged
  m_Icon: {fileID: 0}
  m_NavMeshLayer: 0
  m_StaticEditorFlags: 0
  m_IsActive: 1
--- !u!1 &1970231971637810
GameObject:
  m_ObjectHideFlags: 1
  m_PrefabParentObject: {fileID: 0}
  m_PrefabInternal: {fileID: 100100000}
  serializedVersion: 5
  m_Component:
  - component: {fileID: 4086142162982898}
  m_Layer: 0
  m_Name: Base HumanLCalf
  m_TagString: Untagged
  m_Icon: {fileID: 0}
  m_NavMeshLayer: 0
  m_StaticEditorFlags: 0
  m_IsActive: 1
--- !u!1 &1981130307469326
GameObject:
  m_ObjectHideFlags: 1
  m_PrefabParentObject: {fileID: 0}
  m_PrefabInternal: {fileID: 100100000}
  serializedVersion: 5
  m_Component:
  - component: {fileID: 4843434248775546}
  m_Layer: 0
  m_Name: Base HumanRCalf
  m_TagString: Untagged
  m_Icon: {fileID: 0}
  m_NavMeshLayer: 0
  m_StaticEditorFlags: 0
  m_IsActive: 1
--- !u!1 &1993999460599130
GameObject:
  m_ObjectHideFlags: 1
  m_PrefabParentObject: {fileID: 0}
  m_PrefabInternal: {fileID: 100100000}
  serializedVersion: 5
  m_Component:
  - component: {fileID: 4341673341624442}
  m_Layer: 0
  m_Name: Base HumanLDigit23
  m_TagString: Untagged
  m_Icon: {fileID: 0}
  m_NavMeshLayer: 0
  m_StaticEditorFlags: 0
  m_IsActive: 1
--- !u!4 &4003874085547402
Transform:
  m_ObjectHideFlags: 1
  m_PrefabParentObject: {fileID: 0}
  m_PrefabInternal: {fileID: 100100000}
  m_GameObject: {fileID: 1528095127244208}
  m_LocalRotation: {x: 0.12164278, y: 0.97996354, z: 0.15719217, w: -0.012851796}
  m_LocalPosition: {x: -0.015547523, y: -0.023216039, z: -0.022647962}
  m_LocalScale: {x: 1, y: 1, z: 1}
  m_Children:
  - {fileID: 4395793493572194}
  m_Father: {fileID: 4891004787829794}
  m_RootOrder: 5
  m_LocalEulerAnglesHint: {x: 0, y: 0, z: 0}
--- !u!4 &4012843321737940
Transform:
  m_ObjectHideFlags: 1
  m_PrefabParentObject: {fileID: 0}
  m_PrefabInternal: {fileID: 100100000}
  m_GameObject: {fileID: 1433837992648138}
  m_LocalRotation: {x: 0.0000014157549, y: 0.00000028508816, z: 0.002969427, w: 0.9999956}
  m_LocalPosition: {x: -0.03304121, y: 5.9604643e-10, z: -2.2737367e-15}
  m_LocalScale: {x: 1.0000001, y: 1.0000002, z: 1}
  m_Children:
  - {fileID: 4426980033404766}
  m_Father: {fileID: 4829701796841282}
  m_RootOrder: 0
  m_LocalEulerAnglesHint: {x: 0, y: 0, z: 0}
--- !u!4 &4041377432057322
Transform:
  m_ObjectHideFlags: 1
  m_PrefabParentObject: {fileID: 0}
  m_PrefabInternal: {fileID: 100100000}
  m_GameObject: {fileID: 1869893695030348}
  m_LocalRotation: {x: 1.1768364e-14, y: 1.7763568e-15, z: -2.0904814e-29, w: 1}
  m_LocalPosition: {x: -0.023888359, y: 0, z: 0}
  m_LocalScale: {x: 1, y: 1, z: 1}
  m_Children: []
  m_Father: {fileID: 4761239967488040}
  m_RootOrder: 0
  m_LocalEulerAnglesHint: {x: 0, y: 0, z: 0}
--- !u!4 &4066916138573080
Transform:
  m_ObjectHideFlags: 1
  m_PrefabParentObject: {fileID: 0}
  m_PrefabInternal: {fileID: 100100000}
  m_GameObject: {fileID: 1580663183754094}
  m_LocalRotation: {x: 0.0021641715, y: -0.010413115, z: -0.3816434, w: 0.92424846}
  m_LocalPosition: {x: -0.025070366, y: 0.0020832573, z: -0.00005530357}
  m_LocalScale: {x: 1.0000044, y: 0.99999565, z: 1.0000001}
  m_Children: []
  m_Father: {fileID: 4391705762615776}
  m_RootOrder: 0
  m_LocalEulerAnglesHint: {x: 0, y: 0, z: 0}
--- !u!4 &4079814876908244
Transform:
  m_ObjectHideFlags: 1
  m_PrefabParentObject: {fileID: 0}
  m_PrefabInternal: {fileID: 100100000}
  m_GameObject: {fileID: 1924341443425442}
  m_LocalRotation: {x: -0.013683195, y: 0.0028687404, z: -0.4342085, w: 0.90070397}
  m_LocalPosition: {x: -0.07603712, y: -0.018641686, z: 0.00063010026}
  m_LocalScale: {x: 1, y: 1, z: 1}
  m_Children:
  - {fileID: 4977798955508116}
  m_Father: {fileID: 4660901262240894}
  m_RootOrder: 0
  m_LocalEulerAnglesHint: {x: -1.2700001, y: 0.97700006, z: -51.486004}
--- !u!4 &4086142162982898
Transform:
  m_ObjectHideFlags: 1
  m_PrefabParentObject: {fileID: 0}
  m_PrefabInternal: {fileID: 100100000}
  m_GameObject: {fileID: 1970231971637810}
  m_LocalRotation: {x: -0.0085989, y: 0.0008302323, z: 0.0969275, w: 0.995254}
  m_LocalPosition: {x: -0.058069505, y: 0.00000002324581, z: 0.00000004053116}
  m_LocalScale: {x: 1.0000004, y: 0.9999994, z: 1}
  m_Children:
  - {fileID: 4371516148630018}
  m_Father: {fileID: 4569216689251372}
  m_RootOrder: 0
  m_LocalEulerAnglesHint: {x: 0, y: 0, z: 0}
--- !u!4 &4100073751292146
Transform:
  m_ObjectHideFlags: 1
  m_PrefabParentObject: {fileID: 0}
  m_PrefabInternal: {fileID: 100100000}
  m_GameObject: {fileID: 1728945773217462}
  m_LocalRotation: {x: 0.03154998, y: 0.59314924, z: -0.078386486, w: 0.80064607}
  m_LocalPosition: {x: -0.00266942, y: -0.003482189, z: 0.0013833734}
  m_LocalScale: {x: 1.0000006, y: 0.9999974, z: 1.0000023}
  m_Children:
  - {fileID: 4596411630875674}
  m_Father: {fileID: 4776647171860346}
  m_RootOrder: 0
  m_LocalEulerAnglesHint: {x: 0, y: 0, z: 0}
--- !u!4 &4102054999977810
Transform:
  m_ObjectHideFlags: 1
  m_PrefabParentObject: {fileID: 0}
  m_PrefabInternal: {fileID: 100100000}
  m_GameObject: {fileID: 1211949446932066}
  m_LocalRotation: {x: 0.0000004982667, y: 0.0000005293083, z: -0.022647468, w: 0.9997435}
  m_LocalPosition: {x: -0.0077922246, y: 0.000000019073486, z: 0.000000007152557}
  m_LocalScale: {x: 1.0000021, y: 0.999998, z: 1.0000004}
  m_Children:
  - {fileID: 4724840795757120}
  m_Father: {fileID: 4735165004099676}
  m_RootOrder: 0
  m_LocalEulerAnglesHint: {x: 0, y: 0, z: 0}
--- !u!4 &4108349805394012
Transform:
  m_ObjectHideFlags: 1
  m_PrefabParentObject: {fileID: 0}
  m_PrefabInternal: {fileID: 100100000}
  m_GameObject: {fileID: 1309697014739284}
  m_LocalRotation: {x: -0.0035284758, y: -0.0036936589, z: -0.022460032, w: 0.99973476}
  m_LocalPosition: {x: -0.016985625, y: 0.00092002866, z: 0.003480981}
  m_LocalScale: {x: 0.99999833, y: 1.0000019, z: 0.99999964}
  m_Children:
  - {fileID: 4836389173448390}
  m_Father: {fileID: 4706878473297572}
  m_RootOrder: 2
  m_LocalEulerAnglesHint: {x: 0, y: 0, z: 0}
--- !u!4 &4114799921858462
Transform:
  m_ObjectHideFlags: 1
  m_PrefabParentObject: {fileID: 0}
  m_PrefabInternal: {fileID: 100100000}
  m_GameObject: {fileID: 1264509497762030}
  m_LocalRotation: {x: 0.12164278, y: 0.97996354, z: -0.15719217, w: 0.012851796}
  m_LocalPosition: {x: -0.015547523, y: -0.023216039, z: 0.022647962}
  m_LocalScale: {x: 1, y: 1, z: 1}
  m_Children:
  - {fileID: 4789497386022744}
  m_Father: {fileID: 4891004787829794}
  m_RootOrder: 4
  m_LocalEulerAnglesHint: {x: 0, y: 0, z: 0}
--- !u!4 &4117206341527046
Transform:
  m_ObjectHideFlags: 1
  m_PrefabParentObject: {fileID: 0}
  m_PrefabInternal: {fileID: 100100000}
  m_GameObject: {fileID: 1819561259670558}
  m_LocalRotation: {x: -0.0109589165, y: -0.7944661, z: 0.026393192, w: 0.60663575}
  m_LocalPosition: {x: 0.012160893, y: 0.013618815, z: -0.024469746}
  m_LocalScale: {x: 1, y: 1, z: 1}
  m_Children:
  - {fileID: 4597158461601394}
  m_Father: {fileID: 4159200175905768}
  m_RootOrder: 2
  m_LocalEulerAnglesHint: {x: 0, y: 0, z: 0}
--- !u!4 &4132589369623768
Transform:
  m_ObjectHideFlags: 1
  m_PrefabParentObject: {fileID: 0}
  m_PrefabInternal: {fileID: 100100000}
  m_GameObject: {fileID: 1366123889210166}
  m_LocalRotation: {x: 0.009263336, y: 0.009744051, z: -0.025612716, w: 0.9995816}
  m_LocalPosition: {x: -0.017638998, y: 0.0004800415, z: -0.0106940735}
  m_LocalScale: {x: 1.0000014, y: 0.9999982, z: 1.0000007}
  m_Children:
  - {fileID: 4499177899957560}
  m_Father: {fileID: 4776647171860346}
  m_RootOrder: 4
  m_LocalEulerAnglesHint: {x: 0, y: 0, z: 0}
--- !u!4 &4146483292581404
Transform:
  m_ObjectHideFlags: 1
  m_PrefabParentObject: {fileID: 0}
  m_PrefabInternal: {fileID: 100100000}
  m_GameObject: {fileID: 1748160703915336}
  m_LocalRotation: {x: 0.000000055879358, y: 0.00000012665987, z: -0.00000007450582,
    w: 1}
  m_LocalPosition: {x: -0.02388834, y: 0, z: 0.000000009536743}
  m_LocalScale: {x: 0.99999994, y: 1.0000001, z: 0.99999994}
  m_Children: []
  m_Father: {fileID: 4764750144249500}
  m_RootOrder: 0
  m_LocalEulerAnglesHint: {x: 0, y: 0, z: 0}
--- !u!4 &4159200175905768
Transform:
  m_ObjectHideFlags: 1
  m_PrefabParentObject: {fileID: 0}
  m_PrefabInternal: {fileID: 100100000}
  m_GameObject: {fileID: 1370674610477490}
  m_LocalRotation: {x: 0.000000115948716, y: 0.00000027250158, z: -0.12539527, w: 0.99210685}
  m_LocalPosition: {x: -0.059466038, y: 0.0000000047683715, z: 9.094947e-15}
  m_LocalScale: {x: 0.9999994, y: 0.9999991, z: 1}
  m_Children:
  - {fileID: 4495016884918102}
  - {fileID: 4336096931071928}
  - {fileID: 4117206341527046}
  m_Father: {fileID: 4426980033404766}
  m_RootOrder: 0
  m_LocalEulerAnglesHint: {x: 0, y: 0, z: 0}
--- !u!4 &4197977651963494
Transform:
  m_ObjectHideFlags: 1
  m_PrefabParentObject: {fileID: 0}
  m_PrefabInternal: {fileID: 100100000}
  m_GameObject: {fileID: 1130336795648190}
  m_LocalRotation: {x: 0.50000006, y: -0.50000006, z: -0.49999994, w: 0.49999994}
  m_LocalPosition: {x: -0, y: 0, z: 0}
  m_LocalScale: {x: 0.99999994, y: 0.99999994, z: 0.99999994}
  m_Children: []
  m_Father: {fileID: 4732616990531630}
  m_RootOrder: 1
  m_LocalEulerAnglesHint: {x: 0, y: 0, z: 0}
--- !u!4 &4205217784527280
Transform:
  m_ObjectHideFlags: 1
  m_PrefabParentObject: {fileID: 0}
  m_PrefabInternal: {fileID: 100100000}
  m_GameObject: {fileID: 1237520418551572}
  m_LocalRotation: {x: 0.00000019650906, y: -0.000000027939619, z: 0.00000029802325,
    w: 1}
  m_LocalPosition: {x: -0.02388834, y: -0.000000009536743, z: -0.0000000011920929}
  m_LocalScale: {x: 1, y: 1, z: 1}
  m_Children: []
  m_Father: {fileID: 4234268779887364}
  m_RootOrder: 0
  m_LocalEulerAnglesHint: {x: 0, y: 0, z: 0}
--- !u!4 &4205610715548780
Transform:
  m_ObjectHideFlags: 1
  m_PrefabParentObject: {fileID: 0}
  m_PrefabInternal: {fileID: 100100000}
  m_GameObject: {fileID: 1609521505992260}
  m_LocalRotation: {x: 0.0000010703884, y: -0.00000010901905, z: -0.02625383, w: 0.9996553}
  m_LocalPosition: {x: -0.0056449887, y: -0.000000019073486, z: 0.000000009536743}
  m_LocalScale: {x: 0.99999845, y: 1.0000018, z: 0.99999934}
  m_Children:
  - {fileID: 4312608431074896}
  m_Father: {fileID: 4281396918858478}
  m_RootOrder: 0
  m_LocalEulerAnglesHint: {x: 0, y: 0, z: 0}
--- !u!4 &4214812267220356
Transform:
  m_ObjectHideFlags: 1
  m_PrefabParentObject: {fileID: 0}
  m_PrefabInternal: {fileID: 100100000}
  m_GameObject: {fileID: 1408180876303858}
  m_LocalRotation: {x: 0.000000022351733, y: 0.000000111758716, z: 0.00000008940697,
    w: 1}
  m_LocalPosition: {x: -0.02388835, y: -0.000000009536743, z: 0.0000000047683715}
  m_LocalScale: {x: 1, y: 1, z: 1.0000001}
  m_Children: []
  m_Father: {fileID: 4460446411746030}
  m_RootOrder: 0
  m_LocalEulerAnglesHint: {x: 0, y: 0, z: 0}
--- !u!4 &4233770800209356
Transform:
  m_ObjectHideFlags: 1
  m_PrefabParentObject: {fileID: 0}
  m_PrefabInternal: {fileID: 100100000}
  m_GameObject: {fileID: 1265686848289944}
  m_LocalRotation: {x: -0.0000098066475, y: 0.00016575227, z: -0.053835623, w: 0.9985498}
  m_LocalPosition: {x: -0.0076099965, y: 0, z: -0.000000019073486}
  m_LocalScale: {x: 0.99999905, y: 1.000003, z: 0.9999978}
  m_Children: []
  m_Father: {fileID: 4304628235918472}
  m_RootOrder: 0
  m_LocalEulerAnglesHint: {x: 0, y: 0, z: 0}
--- !u!4 &4234268779887364
Transform:
  m_ObjectHideFlags: 1
  m_PrefabParentObject: {fileID: 0}
  m_PrefabInternal: {fileID: 100100000}
  m_GameObject: {fileID: 1872224956532494}
  m_LocalRotation: {x: 0.16113727, y: 0.7968728, z: -0.5766422, w: 0.080699734}
  m_LocalPosition: {x: -0.013544178, y: 0.0041676736, z: 0.053088136}
  m_LocalScale: {x: 1, y: 1, z: 1}
  m_Children:
  - {fileID: 4205217784527280}
  m_Father: {fileID: 4891004787829794}
  m_RootOrder: 3
  m_LocalEulerAnglesHint: {x: 0, y: 0, z: 0}
--- !u!4 &4241314263937826
Transform:
  m_ObjectHideFlags: 1
  m_PrefabParentObject: {fileID: 0}
  m_PrefabInternal: {fileID: 100100000}
  m_GameObject: {fileID: 1745401025960760}
  m_LocalRotation: {x: 0.0014843643, y: 0.1547705, z: 0.00672891, w: 0.9879265}
  m_LocalPosition: {x: -0.01661252, y: 0.0010323905, z: 0.009811231}
  m_LocalScale: {x: 1.0000018, y: 0.99999845, z: 1}
  m_Children:
  - {fileID: 4710860259993364}
  m_Father: {fileID: 4776647171860346}
  m_RootOrder: 3
  m_LocalEulerAnglesHint: {x: 0, y: 0, z: 0}
--- !u!4 &4280066526265948
Transform:
  m_ObjectHideFlags: 1
  m_PrefabParentObject: {fileID: 0}
  m_PrefabInternal: {fileID: 100100000}
  m_GameObject: {fileID: 1770370456096614}
  m_LocalRotation: {x: 0.50000006, y: -0.50000006, z: -0.49999994, w: 0.49999994}
  m_LocalPosition: {x: 0.035180755, y: -3.133216e-10, z: 0.00058279186}
  m_LocalScale: {x: 0.99999994, y: 0.99999994, z: 0.99999994}
  m_Children: []
  m_Father: {fileID: 4732616990531630}
  m_RootOrder: 3
  m_LocalEulerAnglesHint: {x: 0, y: 0, z: 0}
--- !u!4 &4281396918858478
Transform:
  m_ObjectHideFlags: 1
  m_PrefabParentObject: {fileID: 0}
  m_PrefabInternal: {fileID: 100100000}
  m_GameObject: {fileID: 1507224034518694}
  m_LocalRotation: {x: -0.009262113, y: -0.009747779, z: -0.025613219, w: 0.9995816}
  m_LocalPosition: {x: -0.01763895, y: 0.0004799652, z: 0.010694084}
  m_LocalScale: {x: 0.9999988, y: 1.0000017, z: 0.99999934}
  m_Children:
  - {fileID: 4205610715548780}
  m_Father: {fileID: 4706878473297572}
  m_RootOrder: 4
  m_LocalEulerAnglesHint: {x: 0, y: 0, z: 0}
--- !u!4 &4297635886368164
Transform:
  m_ObjectHideFlags: 1
  m_PrefabParentObject: {fileID: 0}
  m_PrefabInternal: {fileID: 100100000}
  m_GameObject: {fileID: 1652846929972194}
  m_LocalRotation: {x: -0.000000199303, y: 0.000000020489038, z: 0.00000029802325,
    w: 1}
  m_LocalPosition: {x: -0.02388834, y: -0.000000009536743, z: 0.000000002980232}
  m_LocalScale: {x: 1, y: 1.0000001, z: 1}
  m_Children: []
  m_Father: {fileID: 4856832551542250}
  m_RootOrder: 0
  m_LocalEulerAnglesHint: {x: 0, y: 0, z: 0}
--- !u!4 &4304628235918472
Transform:
  m_ObjectHideFlags: 1
  m_PrefabParentObject: {fileID: 0}
  m_PrefabInternal: {fileID: 100100000}
  m_GameObject: {fileID: 1110087743116732}
  m_LocalRotation: {x: 0.00504903, y: 0.09362654, z: -0.005150421, w: 0.99558127}
  m_LocalPosition: {x: -0.014211158, y: -0.000000019073486, z: -0.000000019073486}
  m_LocalScale: {x: 0.9999991, y: 1.0000029, z: 0.99999774}
  m_Children:
  - {fileID: 4233770800209356}
  m_Father: {fileID: 4701119974357956}
  m_RootOrder: 0
  m_LocalEulerAnglesHint: {x: 0, y: 0, z: 0}
--- !u!4 &4312608431074896
Transform:
  m_ObjectHideFlags: 1
  m_PrefabParentObject: {fileID: 0}
  m_PrefabInternal: {fileID: 100100000}
  m_GameObject: {fileID: 1510738693544004}
  m_LocalRotation: {x: 0.0000010509611, y: 0.00000025544475, z: -0.022520382, w: 0.9997464}
  m_LocalPosition: {x: -0.0056448746, y: -0.000000019073486, z: -0.0000000047683715}
  m_LocalScale: {x: 0.9999983, y: 1.0000019, z: 0.9999993}
  m_Children: []
  m_Father: {fileID: 4205610715548780}
  m_RootOrder: 0
  m_LocalEulerAnglesHint: {x: 0, y: 0, z: 0}
--- !u!4 &4332851699623540
Transform:
  m_ObjectHideFlags: 1
  m_PrefabParentObject: {fileID: 0}
  m_PrefabInternal: {fileID: 100100000}
  m_GameObject: {fileID: 1179997595323766}
  m_LocalRotation: {x: -0.7071068, y: 0, z: -0, w: 0.7071068}
  m_LocalPosition: {x: -0, y: 0, z: -0.035656188}
  m_LocalScale: {x: 1, y: 1, z: 1}
  m_Children: []
  m_Father: {fileID: 4732616990531630}
  m_RootOrder: 0
  m_LocalEulerAnglesHint: {x: 0, y: 0, z: 0}
--- !u!4 &4336096931071928
Transform:
  m_ObjectHideFlags: 1
  m_PrefabParentObject: {fileID: 0}
  m_PrefabInternal: {fileID: 100100000}
  m_GameObject: {fileID: 1555623673374262}
  m_LocalRotation: {x: 0.010957308, y: 0.79446596, z: 0.026394757, w: 0.606636}
  m_LocalPosition: {x: 0.012160893, y: 0.013618815, z: 0.024469752}
  m_LocalScale: {x: 1, y: 1, z: 0.99999994}
  m_Children:
  - {fileID: 4809474027613632}
  m_Father: {fileID: 4159200175905768}
  m_RootOrder: 1
  m_LocalEulerAnglesHint: {x: 0, y: 0, z: 0}
--- !u!4 &4341673341624442
Transform:
  m_ObjectHideFlags: 1
  m_PrefabParentObject: {fileID: 0}
  m_PrefabInternal: {fileID: 100100000}
  m_GameObject: {fileID: 1993999460599130}
  m_LocalRotation: {x: -0.00000011743072, y: -0.00000025871097, z: -0.023596626, w: 0.9997216}
  m_LocalPosition: {x: -0.007419014, y: 0.000000038146972, z: 0}
  m_LocalScale: {x: 1.0000027, y: 0.99999756, z: 0.99999994}
  m_Children: []
  m_Father: {fileID: 4710860259993364}
  m_RootOrder: 0
  m_LocalEulerAnglesHint: {x: 0, y: 0, z: 0}
--- !u!4 &4357405954835578
Transform:
  m_ObjectHideFlags: 1
  m_PrefabParentObject: {fileID: 0}
  m_PrefabInternal: {fileID: 100100000}
  m_GameObject: {fileID: 1802214200223712}
  m_LocalRotation: {x: -0.0000004783506, y: 0.00000038743022, z: -0.0409637, w: 0.99916065}
  m_LocalPosition: {x: -0.007419033, y: -0.000000019073486, z: 0}
  m_LocalScale: {x: 0.99999774, y: 1.0000021, z: 0.9999998}
  m_Children:
  - {fileID: 4752306316728774}
  m_Father: {fileID: 4372746635046582}
  m_RootOrder: 0
  m_LocalEulerAnglesHint: {x: 0, y: 0, z: 0}
--- !u!4 &4371516148630018
Transform:
  m_ObjectHideFlags: 1
  m_PrefabParentObject: {fileID: 0}
  m_PrefabInternal: {fileID: 100100000}
  m_GameObject: {fileID: 1233672522367654}
  m_LocalRotation: {x: 0.031620946, y: 0.006768052, z: -0.48051563, w: 0.8763898}
  m_LocalPosition: {x: -0.060514193, y: -0.0000000023841857, z: 0.0000000023841857}
  m_LocalScale: {x: 0.9999976, y: 1.0000027, z: 0.9999996}
  m_Children:
  - {fileID: 4859131403733340}
  m_Father: {fileID: 4086142162982898}
  m_RootOrder: 0
  m_LocalEulerAnglesHint: {x: 0, y: 0, z: 0}
--- !u!4 &4372746635046582
Transform:
  m_ObjectHideFlags: 1
  m_PrefabParentObject: {fileID: 0}
  m_PrefabInternal: {fileID: 100100000}
  m_GameObject: {fileID: 1315482466933254}
  m_LocalRotation: {x: -0.0014831423, y: -0.15476906, z: 0.006731182, w: 0.98792666}
  m_LocalPosition: {x: -0.016612453, y: 0.0010322761, z: -0.009811215}
  m_LocalScale: {x: 0.9999984, y: 1.0000015, z: 0.9999999}
  m_Children:
  - {fileID: 4357405954835578}
  m_Father: {fileID: 4706878473297572}
  m_RootOrder: 3
  m_LocalEulerAnglesHint: {x: 0, y: 0, z: 0}
--- !u!4 &4373075026158448
Transform:
  m_ObjectHideFlags: 1
  m_PrefabParentObject: {fileID: 0}
  m_PrefabInternal: {fileID: 100100000}
  m_GameObject: {fileID: 1036623737208064}
  m_LocalRotation: {x: 0.50000006, y: -0.50000006, z: -0.49999994, w: 0.49999994}
  m_LocalPosition: {x: -0.035180755, y: -3.133198e-10, z: 0.00058278115}
  m_LocalScale: {x: 0.99999994, y: 0.99999994, z: 0.99999994}
  m_Children: []
  m_Father: {fileID: 4732616990531630}
  m_RootOrder: 2
  m_LocalEulerAnglesHint: {x: 0, y: 0, z: 0}
--- !u!4 &4391705762615776
Transform:
  m_ObjectHideFlags: 1
  m_PrefabParentObject: {fileID: 0}
  m_PrefabInternal: {fileID: 100100000}
  m_GameObject: {fileID: 1342389582911116}
  m_LocalRotation: {x: -0.031606622, y: -0.0067892056, z: -0.48037475, w: 0.87646735}
  m_LocalPosition: {x: -0.060514193, y: 0, z: 0}
  m_LocalScale: {x: 1.0000081, y: 0.9999908, z: 1.0000011}
  m_Children:
  - {fileID: 4066916138573080}
  m_Father: {fileID: 4843434248775546}
  m_RootOrder: 0
  m_LocalEulerAnglesHint: {x: 0, y: 0, z: 0}
--- !u!4 &4395793493572194
Transform:
  m_ObjectHideFlags: 1
  m_PrefabParentObject: {fileID: 0}
  m_PrefabInternal: {fileID: 100100000}
  m_GameObject: {fileID: 1967425353059860}
  m_LocalRotation: {x: -0.00000007741619, y: -0.0000000032596532, z: 0.0000003129244,
    w: 1}
  m_LocalPosition: {x: -0.023888329, y: -0.000000014305114, z: 0}
  m_LocalScale: {x: 1, y: 0.99999994, z: 0.99999994}
  m_Children: []
  m_Father: {fileID: 4003874085547402}
  m_RootOrder: 0
  m_LocalEulerAnglesHint: {x: 0, y: 0, z: 0}
--- !u!4 &4426980033404766
Transform:
  m_ObjectHideFlags: 1
  m_PrefabParentObject: {fileID: 0}
  m_PrefabInternal: {fileID: 100100000}
  m_GameObject: {fileID: 1231763286668246}
  m_LocalRotation: {x: -0.0000017810092, y: -0.00000027862828, z: 0.12181705, w: 0.9925526}
  m_LocalPosition: {x: -0.028929481, y: -5.9604643e-10, z: 0}
  m_LocalScale: {x: 1, y: 1.0000004, z: 1}
  m_Children:
  - {fileID: 4159200175905768}
  m_Father: {fileID: 4012843321737940}
  m_RootOrder: 0
  m_LocalEulerAnglesHint: {x: 0, y: 0, z: 0}
--- !u!4 &4436811241535496
Transform:
  m_ObjectHideFlags: 1
  m_PrefabParentObject: {fileID: 0}
  m_PrefabInternal: {fileID: 100100000}
  m_GameObject: {fileID: 1485199255363970}
  m_LocalRotation: {x: 0.00000018583512, y: 0.00000010615729, z: -0.026069807, w: 0.99966013}
  m_LocalPosition: {x: -0.008316421, y: -0.000000019073486, z: 0.0000000011920929}
  m_LocalScale: {x: 0.9999977, y: 1.0000024, z: 0.9999998}
  m_Children: []
  m_Father: {fileID: 4472020028040626}
  m_RootOrder: 0
  m_LocalEulerAnglesHint: {x: 0, y: 0, z: 0}
--- !u!4 &4460446411746030
Transform:
  m_ObjectHideFlags: 1
  m_PrefabParentObject: {fileID: 0}
  m_PrefabInternal: {fileID: 100100000}
  m_GameObject: {fileID: 1421284984485912}
  m_LocalRotation: {x: 0.11378929, y: 0.367245, z: 0.91816545, w: -0.09568368}
  m_LocalPosition: {x: -0.008041382, y: 0.04422002, z: -0.043032337}
  m_LocalScale: {x: 1, y: 1, z: 1}
  m_Children:
  - {fileID: 4214812267220356}
  m_Father: {fileID: 4891004787829794}
  m_RootOrder: 6
  m_LocalEulerAnglesHint: {x: 0, y: 0, z: 0}
--- !u!4 &4469029299889914
Transform:
  m_ObjectHideFlags: 1
  m_PrefabParentObject: {fileID: 0}
  m_PrefabInternal: {fileID: 100100000}
  m_GameObject: {fileID: 1118991781797518}
  m_LocalRotation: {x: 0.17351921, y: 0.32017058, z: -0.74790597, w: 0.5549942}
  m_LocalPosition: {x: -0.06716758, y: 0.0000015539117, z: -0.0000024065375}
  m_LocalScale: {x: 1.0000013, y: 0.9999999, z: 0.9999989}
  m_Children:
  - {fileID: 4776647171860346}
  m_Father: {fileID: 4809474027613632}
  m_RootOrder: 0
  m_LocalEulerAnglesHint: {x: 42.184002, y: 7.431, z: -103.975006}
--- !u!4 &4472020028040626
Transform:
  m_ObjectHideFlags: 1
  m_PrefabParentObject: {fileID: 0}
  m_PrefabInternal: {fileID: 100100000}
  m_GameObject: {fileID: 1609484043309272}
  m_LocalRotation: {x: 0.00000019205383, y: 0.0000000945461, z: -0.026069697, w: 0.99966013}
  m_LocalPosition: {x: -0.008316421, y: -0.000000019073486, z: 0.0000000023841857}
  m_LocalScale: {x: 0.9999979, y: 1.000002, z: 0.9999998}
  m_Children:
  - {fileID: 4436811241535496}
  m_Father: {fileID: 4783249661446556}
  m_RootOrder: 0
  m_LocalEulerAnglesHint: {x: 0, y: 0, z: 0}
--- !u!4 &4495016884918102
Transform:
  m_ObjectHideFlags: 1
  m_PrefabParentObject: {fileID: 0}
  m_PrefabInternal: {fileID: 100100000}
  m_GameObject: {fileID: 1505673800671464}
  m_LocalRotation: {x: 0.010957101, y: 0.0004742763, z: -0.045699675, w: 0.99889505}
  m_LocalPosition: {x: -0.0002527371, y: 0.009934669, z: 0.00071330805}
  m_LocalScale: {x: 1, y: 1, z: 1}
  m_Children:
  - {fileID: 4660901262240894}
  m_Father: {fileID: 4159200175905768}
  m_RootOrder: 0
  m_LocalEulerAnglesHint: {x: 1.2570001, y: -0.003, z: -5.2390003}
--- !u!4 &4499177899957560
Transform:
  m_ObjectHideFlags: 1
  m_PrefabParentObject: {fileID: 0}
  m_PrefabInternal: {fileID: 100100000}
  m_GameObject: {fileID: 1754417660590192}
  m_LocalRotation: {x: 0.00000080545016, y: 0.0000010834813, z: -0.02625607, w: 0.99965525}
  m_LocalPosition: {x: -0.005645008, y: 0.000000019073486, z: 0.0000000047683715}
  m_LocalScale: {x: 1.0000017, y: 0.99999803, z: 1.0000007}
  m_Children:
  - {fileID: 4653091967937138}
  m_Father: {fileID: 4132589369623768}
  m_RootOrder: 0
  m_LocalEulerAnglesHint: {x: 0, y: 0, z: 0}
--- !u!4 &4569216689251372
Transform:
  m_ObjectHideFlags: 1
  m_PrefabParentObject: {fileID: 0}
  m_PrefabInternal: {fileID: 100100000}
  m_GameObject: {fileID: 1425381306931760}
  m_LocalRotation: {x: 0.010761155, y: 0.99941117, z: 0.032440186, w: 0.0030174812}
  m_LocalPosition: {x: 0.020484723, y: 0.011, z: 0.022}
  m_LocalScale: {x: 1, y: 1.0000001, z: 1}
  m_Children:
  - {fileID: 4086142162982898}
  m_Father: {fileID: 4891004787829794}
  m_RootOrder: 8
  m_LocalEulerAnglesHint: {x: 0, y: 0, z: 0}
--- !u!4 &4596411630875674
Transform:
  m_ObjectHideFlags: 1
  m_PrefabParentObject: {fileID: 0}
  m_PrefabInternal: {fileID: 100100000}
  m_GameObject: {fileID: 1946502113221772}
  m_LocalRotation: {x: -0.0050514024, y: -0.09361997, z: -0.0051509887, w: 0.9955819}
  m_LocalPosition: {x: -0.0142111825, y: 0, z: 0}
  m_LocalScale: {x: 1.0000008, y: 0.99999726, z: 1.0000023}
  m_Children:
  - {fileID: 4663006520166050}
  m_Father: {fileID: 4100073751292146}
  m_RootOrder: 0
  m_LocalEulerAnglesHint: {x: 0, y: 0, z: 0}
--- !u!4 &4597158461601394
Transform:
  m_ObjectHideFlags: 1
  m_PrefabParentObject: {fileID: 0}
  m_PrefabInternal: {fileID: 100100000}
  m_GameObject: {fileID: 1502984717194646}
  m_LocalRotation: {x: -0.04190949, y: -0.44738424, z: -0.0215793, w: 0.8930987}
  m_LocalPosition: {x: -0.027256854, y: -0.000000013504177, z: 0.000000059604645}
  m_LocalScale: {x: 1, y: 1, z: 0.9999999}
  m_Children:
  - {fileID: 4917821661725396}
  m_Father: {fileID: 4117206341527046}
  m_RootOrder: 0
  m_LocalEulerAnglesHint: {x: -5.4030004, y: -53.213, z: -0.060000002}
--- !u!4 &4653091967937138
Transform:
  m_ObjectHideFlags: 1
  m_PrefabParentObject: {fileID: 0}
  m_PrefabInternal: {fileID: 100100000}
  m_GameObject: {fileID: 1505549437015342}
  m_LocalRotation: {x: 0.0000007800968, y: 0.00000080254546, z: -0.022522463, w: 0.9997464}
  m_LocalPosition: {x: -0.0056448937, y: 0, z: 0.0000000047683715}
  m_LocalScale: {x: 1.0000019, y: 0.9999978, z: 1.0000007}
  m_Children: []
  m_Father: {fileID: 4499177899957560}
  m_RootOrder: 0
  m_LocalEulerAnglesHint: {x: 0, y: 0, z: 0}
--- !u!4 &4660901262240894
Transform:
  m_ObjectHideFlags: 1
  m_PrefabParentObject: {fileID: 0}
  m_PrefabInternal: {fileID: 100100000}
  m_GameObject: {fileID: 1288564851070484}
  m_LocalRotation: {x: -0.000000023445539, y: -0.00000006076165, z: 0.34877646, w: 0.937206}
  m_LocalPosition: {x: -0.0131311985, y: -0.0000000011920929, z: 5.820766e-13}
  m_LocalScale: {x: 0.99999994, y: 0.99999994, z: 1}
  m_Children:
  - {fileID: 4079814876908244}
  m_Father: {fileID: 4495016884918102}
  m_RootOrder: 0
  m_LocalEulerAnglesHint: {x: 0, y: 0, z: 0}
--- !u!4 &4663006520166050
Transform:
  m_ObjectHideFlags: 1
  m_PrefabParentObject: {fileID: 0}
  m_PrefabInternal: {fileID: 100100000}
  m_GameObject: {fileID: 1656013324305130}
  m_LocalRotation: {x: 0.000007919671, y: -0.00016701943, z: -0.053835906, w: 0.9985498}
  m_LocalPosition: {x: -0.0076100156, y: 0, z: 0}
  m_LocalScale: {x: 1.0000008, y: 0.99999726, z: 1.0000021}
  m_Children: []
  m_Father: {fileID: 4596411630875674}
  m_RootOrder: 0
  m_LocalEulerAnglesHint: {x: 0, y: 0, z: 0}
--- !u!4 &4670007554048376
Transform:
  m_ObjectHideFlags: 1
  m_PrefabParentObject: {fileID: 0}
  m_PrefabInternal: {fileID: 100100000}
  m_GameObject: {fileID: 1958939094661142}
  m_LocalRotation: {x: 0.0107302815, y: 0.9997057, z: -0.021530867, w: -0.0031484365}
  m_LocalPosition: {x: 0.020484718, y: 0.011, z: -0.018}
  m_LocalScale: {x: 0.99999994, y: 1, z: 1}
  m_Children:
  - {fileID: 4843434248775546}
  m_Father: {fileID: 4891004787829794}
  m_RootOrder: 9
  m_LocalEulerAnglesHint: {x: 2.463, y: -179.61201, z: 1.238}
--- !u!4 &4690547473301294
Transform:
  m_ObjectHideFlags: 1
  m_PrefabParentObject: {fileID: 0}
  m_PrefabInternal: {fileID: 100100000}
  m_GameObject: {fileID: 1323255480176648}
  m_LocalRotation: {x: -0.0003676285, y: 0.039899033, z: -0.009235482, w: 0.999161}
  m_LocalPosition: {x: -0.01710307, y: 0.0010507583, z: 0.0028067245}
  m_LocalScale: {x: 1.0000021, y: 0.9999981, z: 0.99999994}
  m_Children:
  - {fileID: 4833002386728598}
  m_Father: {fileID: 4776647171860346}
  m_RootOrder: 1
  m_LocalEulerAnglesHint: {x: 0, y: 0, z: 0}
--- !u!4 &4701119974357956
Transform:
  m_ObjectHideFlags: 1
  m_PrefabParentObject: {fileID: 0}
  m_PrefabInternal: {fileID: 100100000}
  m_GameObject: {fileID: 1490850006598276}
  m_LocalRotation: {x: -0.03154769, y: -0.5931503, z: -0.0783834, w: 0.80064565}
  m_LocalPosition: {x: -0.0026694487, y: -0.0034822081, z: -0.0013833751}
  m_LocalScale: {x: 0.99999934, y: 1.0000026, z: 0.99999785}
  m_Children:
  - {fileID: 4304628235918472}
  m_Father: {fileID: 4706878473297572}
  m_RootOrder: 0
  m_LocalEulerAnglesHint: {x: 0, y: 0, z: 0}
--- !u!4 &4706878473297572
Transform:
  m_ObjectHideFlags: 1
  m_PrefabParentObject: {fileID: 0}
  m_PrefabInternal: {fileID: 100100000}
  m_GameObject: {fileID: 1780883836095554}
  m_LocalRotation: {x: 0.75607824, y: 0.0522771, z: -0.0098498, w: 0.65231574}
  m_LocalPosition: {x: -0.06915261, y: 0.000000023841856, z: -0.00000022888183}
  m_LocalScale: {x: 0.9999983, y: 1.0000017, z: 0.9999999}
  m_Children:
  - {fileID: 4701119974357956}
  - {fileID: 4783249661446556}
  - {fileID: 4108349805394012}
  - {fileID: 4372746635046582}
  - {fileID: 4281396918858478}
  m_Father: {fileID: 4917821661725396}
  m_RootOrder: 0
  m_LocalEulerAnglesHint: {x: 99.05499, y: -19.091003, z: -19.250977}
--- !u!4 &4710860259993364
Transform:
  m_ObjectHideFlags: 1
  m_PrefabParentObject: {fileID: 0}
  m_PrefabInternal: {fileID: 100100000}
  m_GameObject: {fileID: 1404497602614536}
  m_LocalRotation: {x: -0.00000008894128, y: -0.00000019371502, z: -0.04096526, w: 0.99916065}
  m_LocalPosition: {x: -0.007419071, y: 0.000000019073486, z: 0}
  m_LocalScale: {x: 1.0000025, y: 0.9999978, z: 1}
  m_Children:
  - {fileID: 4341673341624442}
  m_Father: {fileID: 4241314263937826}
  m_RootOrder: 0
  m_LocalEulerAnglesHint: {x: 0, y: 0, z: 0}
--- !u!4 &4712934118240032
Transform:
  m_ObjectHideFlags: 1
  m_PrefabParentObject: {fileID: 0}
  m_PrefabInternal: {fileID: 100100000}
  m_GameObject: {fileID: 1388990886407520}
  m_LocalRotation: {x: 0.00000013760939, y: 0.00000013239354, z: -0.02607237, w: 0.9996601}
  m_LocalPosition: {x: -0.008316421, y: 0, z: 0.0000000023841857}
  m_LocalScale: {x: 1.0000029, y: 0.99999744, z: 0.99999994}
  m_Children: []
  m_Father: {fileID: 4833002386728598}
  m_RootOrder: 0
  m_LocalEulerAnglesHint: {x: 0, y: 0, z: 0}
--- !u!4 &4724840795757120
Transform:
  m_ObjectHideFlags: 1
  m_PrefabParentObject: {fileID: 0}
  m_PrefabInternal: {fileID: 100100000}
  m_GameObject: {fileID: 1380840785497746}
  m_LocalRotation: {x: 0.000000478138, y: 0.00000054545507, z: -0.022647373, w: 0.9997435}
  m_LocalPosition: {x: -0.0077922055, y: 0.000000038146972, z: 0.0000000023841857}
  m_LocalScale: {x: 1.0000024, y: 0.9999978, z: 1.0000002}
  m_Children: []
  m_Father: {fileID: 4102054999977810}
  m_RootOrder: 0
  m_LocalEulerAnglesHint: {x: 0, y: 0, z: 0}
--- !u!4 &4732616990531630
Transform:
  m_ObjectHideFlags: 1
  m_PrefabParentObject: {fileID: 0}
  m_PrefabInternal: {fileID: 100100000}
  m_GameObject: {fileID: 1540675267447214}
  m_LocalRotation: {x: 0, y: 0, z: 0, w: 1}
  m_LocalPosition: {x: 0, y: 0, z: 0}
  m_LocalScale: {x: 1, y: 1, z: 1}
  m_Children:
  - {fileID: 4332851699623540}
  - {fileID: 4197977651963494}
  - {fileID: 4373075026158448}
  - {fileID: 4280066526265948}
  - {fileID: 4891004787829794}
  m_Father: {fileID: 0}
  m_RootOrder: 0
  m_LocalEulerAnglesHint: {x: 0, y: 0, z: 0}
--- !u!4 &4735165004099676
Transform:
  m_ObjectHideFlags: 1
  m_PrefabParentObject: {fileID: 0}
  m_PrefabInternal: {fileID: 100100000}
  m_GameObject: {fileID: 1537311263778280}
  m_LocalRotation: {x: 0.003528893, y: 0.0036908407, z: -0.022461595, w: 0.9997347}
  m_LocalPosition: {x: -0.016985692, y: 0.00092012406, z: -0.003480969}
  m_LocalScale: {x: 1.0000019, y: 0.9999982, z: 1.0000002}
  m_Children:
  - {fileID: 4102054999977810}
  m_Father: {fileID: 4776647171860346}
  m_RootOrder: 2
  m_LocalEulerAnglesHint: {x: 0, y: 0, z: 0}
--- !u!4 &4752306316728774
Transform:
  m_ObjectHideFlags: 1
  m_PrefabParentObject: {fileID: 0}
  m_PrefabInternal: {fileID: 100100000}
  m_GameObject: {fileID: 1032371396032102}
  m_LocalRotation: {x: -0.0000002521412, y: -0.000000065519245, z: -0.023594206, w: 0.99972165}
  m_LocalPosition: {x: -0.007419014, y: -0.000000019073486, z: 0}
  m_LocalScale: {x: 0.9999975, y: 1.0000025, z: 0.9999998}
  m_Children: []
  m_Father: {fileID: 4357405954835578}
  m_RootOrder: 0
  m_LocalEulerAnglesHint: {x: 0, y: 0, z: 0}
--- !u!4 &4761239967488040
Transform:
  m_ObjectHideFlags: 1
  m_PrefabParentObject: {fileID: 0}
  m_PrefabInternal: {fileID: 100100000}
  m_GameObject: {fileID: 1531716629344878}
  m_LocalRotation: {x: 7.573045e-15, y: -4.3838105e-15, z: 0.9951566, w: -0.09830231}
  m_LocalPosition: {x: -0.0036292456, y: 0.058147773, z: -3.410605e-15}
  m_LocalScale: {x: 1, y: 1, z: 1}
  m_Children:
  - {fileID: 4041377432057322}
  m_Father: {fileID: 4891004787829794}
  m_RootOrder: 1
  m_LocalEulerAnglesHint: {x: 0, y: 0, z: 0}
--- !u!4 &4764750144249500
Transform:
  m_ObjectHideFlags: 1
  m_PrefabParentObject: {fileID: 0}
  m_PrefabInternal: {fileID: 100100000}
  m_GameObject: {fileID: 1564389968600836}
  m_LocalRotation: {x: -0.11378939, y: -0.36724496, z: 0.9181655, w: -0.09568357}
  m_LocalPosition: {x: -0.0080414, y: 0.044220023, z: 0.043032344}
  m_LocalScale: {x: 1, y: 1, z: 1}
  m_Children:
  - {fileID: 4146483292581404}
  m_Father: {fileID: 4891004787829794}
  m_RootOrder: 2
  m_LocalEulerAnglesHint: {x: 0, y: 0, z: 0}
--- !u!4 &4776647171860346
Transform:
  m_ObjectHideFlags: 1
  m_PrefabParentObject: {fileID: 0}
  m_PrefabInternal: {fileID: 100100000}
  m_GameObject: {fileID: 1285355231931162}
  m_LocalRotation: {x: -0.7560784, y: -0.05227916, z: -0.00985207, w: 0.6523153}
  m_LocalPosition: {x: -0.06915279, y: -0.000000019073486, z: -0.00000020980835}
  m_LocalScale: {x: 1.0000019, y: 0.9999983, z: 1.0000001}
  m_Children:
  - {fileID: 4100073751292146}
  - {fileID: 4690547473301294}
  - {fileID: 4735165004099676}
  - {fileID: 4241314263937826}
  - {fileID: 4132589369623768}
  m_Father: {fileID: 4469029299889914}
  m_RootOrder: 0
  m_LocalEulerAnglesHint: {x: 0, y: 0, z: 0}
--- !u!4 &4783249661446556
Transform:
  m_ObjectHideFlags: 1
  m_PrefabParentObject: {fileID: 0}
  m_PrefabInternal: {fileID: 100100000}
  m_GameObject: {fileID: 1318649810150358}
  m_LocalRotation: {x: 0.00036833197, y: -0.03989882, z: -0.009232434, w: 0.999161}
  m_LocalPosition: {x: -0.017103003, y: 0.0010506439, z: -0.0028067115}
  m_LocalScale: {x: 0.9999982, y: 1.0000018, z: 0.9999998}
  m_Children:
  - {fileID: 4472020028040626}
  m_Father: {fileID: 4706878473297572}
  m_RootOrder: 1
  m_LocalEulerAnglesHint: {x: 0, y: 0, z: 0}
--- !u!4 &4789497386022744
Transform:
  m_ObjectHideFlags: 1
  m_PrefabParentObject: {fileID: 0}
  m_PrefabInternal: {fileID: 100100000}
  m_GameObject: {fileID: 1763759649844738}
  m_LocalRotation: {x: 0.0000000691507, y: 0.000000006053619, z: 0.00000032037497,
    w: 1}
  m_LocalPosition: {x: -0.023888329, y: -0.000000019073486, z: 0.0000000023841857}
  m_LocalScale: {x: 1, y: 0.99999994, z: 1}
  m_Children: []
  m_Father: {fileID: 4114799921858462}
  m_RootOrder: 0
  m_LocalEulerAnglesHint: {x: 0, y: 0, z: 0}
--- !u!4 &4809474027613632
Transform:
  m_ObjectHideFlags: 1
  m_PrefabParentObject: {fileID: 0}
  m_PrefabInternal: {fileID: 100100000}
  m_GameObject: {fileID: 1718661995912620}
  m_LocalRotation: {x: 0.04178127, y: 0.43521124, z: -0.021648947, w: 0.8990978}
  m_LocalPosition: {x: -0.027259827, y: 0.00000028999057, z: -0.0000009648503}
  m_LocalScale: {x: 1, y: 1, z: 1}
  m_Children:
  - {fileID: 4469029299889914}
  m_Father: {fileID: 4336096931071928}
  m_RootOrder: 0
  m_LocalEulerAnglesHint: {x: 5.392, y: 51.652004, z: -0.147}
--- !u!4 &4819961203043116
Transform:
  m_ObjectHideFlags: 1
  m_PrefabParentObject: {fileID: 0}
  m_PrefabInternal: {fileID: 100100000}
  m_GameObject: {fileID: 1629369214724942}
  m_LocalRotation: {x: 0.0000006775245, y: 0.00000021803928, z: -0.022644967, w: 0.9997436}
  m_LocalPosition: {x: -0.0077922055, y: -0.000000019073486, z: 0.0000000047683715}
  m_LocalScale: {x: 0.999998, y: 1.0000024, z: 0.9999996}
  m_Children: []
  m_Father: {fileID: 4836389173448390}
  m_RootOrder: 0
  m_LocalEulerAnglesHint: {x: 0, y: 0, z: 0}
--- !u!4 &4829701796841282
Transform:
  m_ObjectHideFlags: 1
  m_PrefabParentObject: {fileID: 0}
  m_PrefabInternal: {fileID: 100100000}
  m_GameObject: {fileID: 1746584805046700}
  m_LocalRotation: {x: 0.00000023180728, y: -0.00000008861622, z: 0.0012145853, w: 0.9999993}
  m_LocalPosition: {x: -0.022393435, y: 0.011703318, z: -0.0000000029810405}
  m_LocalScale: {x: 1.0000004, y: 1.0000004, z: 1}
  m_Children:
  - {fileID: 4012843321737940}
  m_Father: {fileID: 4891004787829794}
  m_RootOrder: 0
  m_LocalEulerAnglesHint: {x: 0, y: 0, z: 0}
--- !u!4 &4833002386728598
Transform:
  m_ObjectHideFlags: 1
  m_PrefabParentObject: {fileID: 0}
  m_PrefabInternal: {fileID: 100100000}
  m_GameObject: {fileID: 1419659482849978}
  m_LocalRotation: {x: 0.00000014307136, y: 0.00000012749103, z: -0.0260725, w: 0.9996601}
  m_LocalPosition: {x: -0.0083164405, y: 0.000000019073486, z: 0.0000000011920929}
  m_LocalScale: {x: 1.0000025, y: 0.99999774, z: 0.99999994}
  m_Children:
  - {fileID: 4712934118240032}
  m_Father: {fileID: 4690547473301294}
  m_RootOrder: 0
  m_LocalEulerAnglesHint: {x: 0, y: 0, z: 0}
--- !u!4 &4836389173448390
Transform:
  m_ObjectHideFlags: 1
  m_PrefabParentObject: {fileID: 0}
  m_PrefabInternal: {fileID: 100100000}
  m_GameObject: {fileID: 1610472094804736}
  m_LocalRotation: {x: 0.000000691784, y: 0.00000018953652, z: -0.022644872, w: 0.9997436}
  m_LocalPosition: {x: -0.0077921865, y: -0.000000019073486, z: 0.0000000047683715}
  m_LocalScale: {x: 0.99999815, y: 1.0000021, z: 0.9999997}
  m_Children:
  - {fileID: 4819961203043116}
  m_Father: {fileID: 4108349805394012}
  m_RootOrder: 0
  m_LocalEulerAnglesHint: {x: 0, y: 0, z: 0}
--- !u!4 &4843434248775546
Transform:
  m_ObjectHideFlags: 1
  m_PrefabParentObject: {fileID: 0}
  m_PrefabInternal: {fileID: 100100000}
  m_GameObject: {fileID: 1981130307469326}
  m_LocalRotation: {x: 0.029726546, y: -0.0033305397, z: 0.09687458, w: 0.99484706}
  m_LocalPosition: {x: -0.05807039, y: 0.000000041087333, z: -0.00000004010508}
  m_LocalScale: {x: 1.000002, y: 0.9999981, z: 1.0000001}
  m_Children:
  - {fileID: 4391705762615776}
  m_Father: {fileID: 4670007554048376}
  m_RootOrder: 0
  m_LocalEulerAnglesHint: {x: 3.4280002, y: -0.05, z: 11.122001}
--- !u!4 &4856832551542250
Transform:
  m_ObjectHideFlags: 1
  m_PrefabParentObject: {fileID: 0}
  m_PrefabInternal: {fileID: 100100000}
  m_GameObject: {fileID: 1087398841729084}
  m_LocalRotation: {x: 0.16113727, y: 0.7968728, z: 0.5766422, w: -0.080699734}
  m_LocalPosition: {x: -0.013544197, y: 0.0041676736, z: -0.053088136}
  m_LocalScale: {x: 1, y: 1, z: 1}
  m_Children:
  - {fileID: 4297635886368164}
  m_Father: {fileID: 4891004787829794}
  m_RootOrder: 7
  m_LocalEulerAnglesHint: {x: 0, y: 0, z: 0}
--- !u!4 &4859131403733340
Transform:
  m_ObjectHideFlags: 1
  m_PrefabParentObject: {fileID: 0}
  m_PrefabInternal: {fileID: 100100000}
  m_GameObject: {fileID: 1946606909632316}
  m_LocalRotation: {x: -0.002164131, y: 0.010413116, z: -0.3816434, w: 0.92424846}
  m_LocalPosition: {x: -0.02507033, y: 0.0020828175, z: 0.000055298806}
  m_LocalScale: {x: 0.99999565, y: 1.0000044, z: 1.0000001}
  m_Children: []
  m_Father: {fileID: 4371516148630018}
  m_RootOrder: 0
  m_LocalEulerAnglesHint: {x: 0, y: 0, z: 0}
--- !u!4 &4891004787829794
Transform:
  m_ObjectHideFlags: 1
  m_PrefabParentObject: {fileID: 0}
  m_PrefabInternal: {fileID: 100100000}
  m_GameObject: {fileID: 1829347090977818}
  m_LocalRotation: {x: 0.50000006, y: -0.50000006, z: -0.49999994, w: 0.49999994}
  m_LocalPosition: {x: 0.000000008705048, y: 0.16122526, z: -0.006077981}
  m_LocalScale: {x: 0.99999994, y: 0.99999994, z: 0.99999994}
  m_Children:
  - {fileID: 4829701796841282}
  - {fileID: 4761239967488040}
  - {fileID: 4764750144249500}
  - {fileID: 4234268779887364}
  - {fileID: 4114799921858462}
  - {fileID: 4003874085547402}
  - {fileID: 4460446411746030}
  - {fileID: 4856832551542250}
  - {fileID: 4569216689251372}
  - {fileID: 4670007554048376}
  m_Father: {fileID: 4732616990531630}
  m_RootOrder: 4
  m_LocalEulerAnglesHint: {x: 0, y: 0, z: 0}
--- !u!4 &4917821661725396
Transform:
  m_ObjectHideFlags: 1
  m_PrefabParentObject: {fileID: 0}
  m_PrefabInternal: {fileID: 100100000}
  m_GameObject: {fileID: 1338975992315512}
  m_LocalRotation: {x: -0.28725317, y: -0.1916095, z: -0.7917236, w: 0.50392973}
  m_LocalPosition: {x: -0.06716165, y: -0.000000012340024, z: -0.00000022351745}
  m_LocalScale: {x: 0.99999875, y: 1.0000001, z: 1.0000011}
  m_Children:
  - {fileID: 4706878473297572}
  m_Father: {fileID: 4597158461601394}
  m_RootOrder: 0
  m_LocalEulerAnglesHint: {x: -36.364002, y: 18.967001, z: -121.328}
--- !u!4 &4977798955508116
Transform:
  m_ObjectHideFlags: 1
  m_PrefabParentObject: {fileID: 0}
  m_PrefabInternal: {fileID: 100100000}
  m_GameObject: {fileID: 1430359310833168}
  m_LocalRotation: {x: 2.162214e-21, y: 0, z: -0, w: 1}
  m_LocalPosition: {x: 0.3632403, y: -0.0013629603, z: 0.0000018185019}
  m_LocalScale: {x: 1, y: 1, z: 1}
  m_Children: []
  m_Father: {fileID: 4079814876908244}
  m_RootOrder: 0
  m_LocalEulerAnglesHint: {x: 0, y: 0, z: 0}
--- !u!95 &95545932087148926
Animator:
  serializedVersion: 3
  m_ObjectHideFlags: 1
  m_PrefabParentObject: {fileID: 0}
  m_PrefabInternal: {fileID: 100100000}
  m_GameObject: {fileID: 1540675267447214}
  m_Enabled: 1
  m_Avatar: {fileID: 9000000, guid: 04a5562f650d1e345b93a5a81204698f, type: 3}
  m_Controller: {fileID: 0}
  m_CullingMode: 1
  m_UpdateMode: 0
  m_ApplyRootMotion: 1
  m_LinearVelocityBlending: 0
  m_WarningMessage: 
  m_HasTransformHierarchy: 1
  m_AllowConstantClipSamplingOptimization: 1
--- !u!137 &137500084141761552
SkinnedMeshRenderer:
  m_ObjectHideFlags: 1
  m_PrefabParentObject: {fileID: 0}
  m_PrefabInternal: {fileID: 100100000}
  m_GameObject: {fileID: 1179997595323766}
  m_Enabled: 1
  m_CastShadows: 1
  m_ReceiveShadows: 1
  m_MotionVectors: 1
  m_LightProbeUsage: 1
  m_ReflectionProbeUsage: 1
  m_Materials:
  - {fileID: 2100000, guid: 19a825ae9b80ecd4bb2f445db66e27fe, type: 2}
  m_StaticBatchInfo:
    firstSubMesh: 0
    subMeshCount: 0
  m_StaticBatchRoot: {fileID: 0}
  m_ProbeAnchor: {fileID: 0}
  m_LightProbeVolumeOverride: {fileID: 0}
  m_ScaleInLightmap: 1
  m_PreserveUVs: 0
  m_IgnoreNormalsForChartDetection: 0
  m_ImportantGI: 0
  m_SelectedEditorRenderState: 3
  m_MinimumChartSize: 4
  m_AutoUVMaxDistance: 0.5
  m_AutoUVMaxAngle: 89
  m_LightmapParameters: {fileID: 0}
  m_SortingLayerID: 0
  m_SortingLayer: 0
  m_SortingOrder: 0
  serializedVersion: 2
  m_Quality: 0
  m_UpdateWhenOffscreen: 0
  m_SkinnedMotionVectors: 1
  m_Mesh: {fileID: 4300000, guid: 04a5562f650d1e345b93a5a81204698f, type: 3}
  m_Bones:
  - {fileID: 4159200175905768}
  - {fileID: 4495016884918102}
  - {fileID: 4012843321737940}
  - {fileID: 4336096931071928}
  - {fileID: 4829701796841282}
  - {fileID: 4761239967488040}
  - {fileID: 4764750144249500}
  - {fileID: 4891004787829794}
  - {fileID: 4234268779887364}
  - {fileID: 4809474027613632}
  - {fileID: 4114799921858462}
  - {fileID: 4003874085547402}
  - {fileID: 4469029299889914}
  - {fileID: 4041377432057322}
  - {fileID: 4146483292581404}
  - {fileID: 4789497386022744}
  - {fileID: 4395793493572194}
  - {fileID: 4205217784527280}
  - {fileID: 4079814876908244}
  - {fileID: 4117206341527046}
  - {fileID: 4460446411746030}
  - {fileID: 4856832551542250}
  - {fileID: 4597158461601394}
  - {fileID: 4917821661725396}
  - {fileID: 4214812267220356}
  - {fileID: 4297635886368164}
  - {fileID: 4100073751292146}
  - {fileID: 4776647171860346}
  - {fileID: 4690547473301294}
  - {fileID: 4735165004099676}
  - {fileID: 4102054999977810}
  - {fileID: 4833002386728598}
  - {fileID: 4241314263937826}
  - {fileID: 4710860259993364}
  - {fileID: 4132589369623768}
  - {fileID: 4596411630875674}
  - {fileID: 4499177899957560}
  - {fileID: 4653091967937138}
  - {fileID: 4724840795757120}
  - {fileID: 4712934118240032}
  - {fileID: 4341673341624442}
  - {fileID: 4663006520166050}
  - {fileID: 4701119974357956}
  - {fileID: 4706878473297572}
  - {fileID: 4783249661446556}
  - {fileID: 4108349805394012}
  - {fileID: 4836389173448390}
  - {fileID: 4472020028040626}
  - {fileID: 4372746635046582}
  - {fileID: 4357405954835578}
  - {fileID: 4281396918858478}
  - {fileID: 4304628235918472}
  - {fileID: 4205610715548780}
  - {fileID: 4312608431074896}
  - {fileID: 4819961203043116}
  - {fileID: 4436811241535496}
  - {fileID: 4752306316728774}
  - {fileID: 4233770800209356}
  - {fileID: 4569216689251372}
  - {fileID: 4086142162982898}
  - {fileID: 4670007554048376}
  - {fileID: 4371516148630018}
  - {fileID: 4859131403733340}
  - {fileID: 4843434248775546}
  - {fileID: 4391705762615776}
  - {fileID: 4066916138573080}
  m_BlendShapeWeights: []
  m_RootBone: {fileID: 4891004787829794}
  m_AABB:
    m_Center: {x: -0.14037108, y: -0.03470063, z: -0.000000044703484}
    m_Extent: {x: 0.32522148, y: 0.15276602, z: 0.2235092}
  m_DirtyAABB: 0
--- !u!137 &137578141478725414
SkinnedMeshRenderer:
  m_ObjectHideFlags: 1
  m_PrefabParentObject: {fileID: 0}
  m_PrefabInternal: {fileID: 100100000}
  m_GameObject: {fileID: 1430359310833168}
  m_Enabled: 1
  m_CastShadows: 1
  m_ReceiveShadows: 1
  m_MotionVectors: 1
  m_LightProbeUsage: 1
  m_ReflectionProbeUsage: 1
  m_Materials:
  - {fileID: 2100000, guid: 19a825ae9b80ecd4bb2f445db66e27fe, type: 2}
  m_StaticBatchInfo:
    firstSubMesh: 0
    subMeshCount: 0
  m_StaticBatchRoot: {fileID: 0}
  m_ProbeAnchor: {fileID: 0}
  m_LightProbeVolumeOverride: {fileID: 0}
  m_ScaleInLightmap: 1
  m_PreserveUVs: 0
  m_IgnoreNormalsForChartDetection: 0
  m_ImportantGI: 0
  m_SelectedEditorRenderState: 3
  m_MinimumChartSize: 4
  m_AutoUVMaxDistance: 0.5
  m_AutoUVMaxAngle: 89
  m_LightmapParameters: {fileID: 0}
  m_SortingLayerID: 0
  m_SortingLayer: 0
  m_SortingOrder: 0
  serializedVersion: 2
  m_Quality: 0
  m_UpdateWhenOffscreen: 0
  m_SkinnedMotionVectors: 1
  m_Mesh: {fileID: 4300002, guid: 04a5562f650d1e345b93a5a81204698f, type: 3}
  m_Bones:
  - {fileID: 4079814876908244}
  m_BlendShapeWeights: []
  m_RootBone: {fileID: 4079814876908244}
  m_AABB:
    m_Center: {x: -0.10253752, y: -0.002272457, z: 0.0000018179417}
    m_Extent: {x: 0.2032485, y: 0.17725477, z: 0.17404757}
  m_DirtyAABB: 0
