%YAML 1.1
%TAG !u! tag:unity3d.com,2011:
--- !u!1001 &100100000
Prefab:
  m_ObjectHideFlags: 1
  serializedVersion: 2
  m_Modification:
    m_TransformParent: {fileID: 0}
    m_Modifications: []
    m_RemovedComponents: []
  m_ParentPrefab: {fileID: 0}
  m_RootGameObject: {fileID: 1318571377787508}
  m_IsPrefabParent: 1
--- !u!1 &1025182406596478
GameObject:
  m_ObjectHideFlags: 1
  m_PrefabParentObject: {fileID: 0}
  m_PrefabInternal: {fileID: 100100000}
  serializedVersion: 5
  m_Component:
  - component: {fileID: 4218245705392916}
  m_Layer: 0
  m_Name: Base HumanRDigit11
  m_TagString: Untagged
  m_Icon: {fileID: 0}
  m_NavMeshLayer: 0
  m_StaticEditorFlags: 0
  m_IsActive: 1
--- !u!1 &1037633651947672
GameObject:
  m_ObjectHideFlags: 1
  m_PrefabParentObject: {fileID: 0}
  m_PrefabInternal: {fileID: 100100000}
  serializedVersion: 5
  m_Component:
  - component: {fileID: 4264664574090874}
  m_Layer: 0
  m_Name: Base HumanSkirt5
  m_TagString: Untagged
  m_Icon: {fileID: 0}
  m_NavMeshLayer: 0
  m_StaticEditorFlags: 0
  m_IsActive: 1
--- !u!1 &1041854103913852
GameObject:
  m_ObjectHideFlags: 1
  m_PrefabParentObject: {fileID: 0}
  m_PrefabInternal: {fileID: 100100000}
  serializedVersion: 5
  m_Component:
  - component: {fileID: 4392206859442994}
  m_Layer: 0
  m_Name: Base HumanLDigit42
  m_TagString: Untagged
  m_Icon: {fileID: 0}
  m_NavMeshLayer: 0
  m_StaticEditorFlags: 0
  m_IsActive: 1
--- !u!1 &1047573315435286
GameObject:
  m_ObjectHideFlags: 1
  m_PrefabParentObject: {fileID: 0}
  m_PrefabInternal: {fileID: 100100000}
  serializedVersion: 5
  m_Component:
  - component: {fileID: 4058299691797806}
  m_Layer: 0
  m_Name: Base HumanRDigit22
  m_TagString: Untagged
  m_Icon: {fileID: 0}
  m_NavMeshLayer: 0
  m_StaticEditorFlags: 0
  m_IsActive: 1
--- !u!1 &1052320595263322
GameObject:
  m_ObjectHideFlags: 1
  m_PrefabParentObject: {fileID: 0}
  m_PrefabInternal: {fileID: 100100000}
  serializedVersion: 5
  m_Component:
  - component: {fileID: 4660132644129394}
  m_Layer: 0
  m_Name: Base HumanSkirt10
  m_TagString: Untagged
  m_Icon: {fileID: 0}
  m_NavMeshLayer: 0
  m_StaticEditorFlags: 0
  m_IsActive: 1
--- !u!1 &1056244851719206
GameObject:
  m_ObjectHideFlags: 1
  m_PrefabParentObject: {fileID: 0}
  m_PrefabInternal: {fileID: 100100000}
  serializedVersion: 5
  m_Component:
  - component: {fileID: 4977310850041342}
  m_Layer: 0
  m_Name: Base HumanLDigit23
  m_TagString: Untagged
  m_Icon: {fileID: 0}
  m_NavMeshLayer: 0
  m_StaticEditorFlags: 0
  m_IsActive: 1
--- !u!1 &1069603834203282
GameObject:
  m_ObjectHideFlags: 1
  m_PrefabParentObject: {fileID: 0}
  m_PrefabInternal: {fileID: 100100000}
  serializedVersion: 5
  m_Component:
  - component: {fileID: 4193080735151426}
  m_Layer: 0
  m_Name: Base HumanSpine3-x
  m_TagString: Untagged
  m_Icon: {fileID: 0}
  m_NavMeshLayer: 0
  m_StaticEditorFlags: 0
  m_IsActive: 1
--- !u!1 &1074468236432210
GameObject:
  m_ObjectHideFlags: 1
  m_PrefabParentObject: {fileID: 0}
  m_PrefabInternal: {fileID: 100100000}
  serializedVersion: 5
  m_Component:
  - component: {fileID: 4319299003588652}
  m_Layer: 0
  m_Name: Base HumanNeck2-x
  m_TagString: Untagged
  m_Icon: {fileID: 0}
  m_NavMeshLayer: 0
  m_StaticEditorFlags: 0
  m_IsActive: 1
--- !u!1 &1136577494967870
GameObject:
  m_ObjectHideFlags: 1
  m_PrefabParentObject: {fileID: 0}
  m_PrefabInternal: {fileID: 100100000}
  serializedVersion: 5
  m_Component:
  - component: {fileID: 4799386833620158}
  m_Layer: 0
  m_Name: Base HumanLDigit52
  m_TagString: Untagged
  m_Icon: {fileID: 0}
  m_NavMeshLayer: 0
  m_StaticEditorFlags: 0
  m_IsActive: 1
--- !u!1 &1152239650912568
GameObject:
  m_ObjectHideFlags: 0
  m_PrefabParentObject: {fileID: 0}
  m_PrefabInternal: {fileID: 100100000}
  serializedVersion: 5
  m_Component:
  - component: {fileID: 4652449841840040}
  m_Layer: 0
  m_Name: Base HumanPelvis
  m_TagString: Untagged
  m_Icon: {fileID: 0}
  m_NavMeshLayer: 0
  m_StaticEditorFlags: 0
  m_IsActive: 1
--- !u!1 &1169237827693272
GameObject:
  m_ObjectHideFlags: 1
  m_PrefabParentObject: {fileID: 0}
  m_PrefabInternal: {fileID: 100100000}
  serializedVersion: 5
  m_Component:
  - component: {fileID: 4971811530434156}
  m_Layer: 0
  m_Name: Base HumanSkirt14
  m_TagString: Untagged
  m_Icon: {fileID: 0}
  m_NavMeshLayer: 0
  m_StaticEditorFlags: 0
  m_IsActive: 1
--- !u!1 &1172404280863100
GameObject:
  m_ObjectHideFlags: 1
  m_PrefabParentObject: {fileID: 0}
  m_PrefabInternal: {fileID: 100100000}
  serializedVersion: 5
  m_Component:
  - component: {fileID: 4068040000465180}
  m_Layer: 0
  m_Name: Base HumanRDigit42
  m_TagString: Untagged
  m_Icon: {fileID: 0}
  m_NavMeshLayer: 0
  m_StaticEditorFlags: 0
  m_IsActive: 1
--- !u!1 &1174649608025668
GameObject:
  m_ObjectHideFlags: 1
  m_PrefabParentObject: {fileID: 0}
  m_PrefabInternal: {fileID: 100100000}
  serializedVersion: 5
  m_Component:
  - component: {fileID: 4123335135777756}
  m_Layer: 0
  m_Name: Base HumanLDigit53
  m_TagString: Untagged
  m_Icon: {fileID: 0}
  m_NavMeshLayer: 0
  m_StaticEditorFlags: 0
  m_IsActive: 1
--- !u!1 &1175490103049340
GameObject:
  m_ObjectHideFlags: 1
  m_PrefabParentObject: {fileID: 0}
  m_PrefabInternal: {fileID: 100100000}
  serializedVersion: 5
  m_Component:
  - component: {fileID: 4569592961484500}
  m_Layer: 0
  m_Name: Base HumanRForearm
  m_TagString: Untagged
  m_Icon: {fileID: 0}
  m_NavMeshLayer: 0
  m_StaticEditorFlags: 0
  m_IsActive: 1
--- !u!1 &1191834080823044
GameObject:
  m_ObjectHideFlags: 1
  m_PrefabParentObject: {fileID: 0}
  m_PrefabInternal: {fileID: 100100000}
  serializedVersion: 5
  m_Component:
  - component: {fileID: 4361808312465216}
  m_Layer: 0
  m_Name: Base HumanRPalm
  m_TagString: Untagged
  m_Icon: {fileID: 0}
  m_NavMeshLayer: 0
  m_StaticEditorFlags: 0
  m_IsActive: 1
--- !u!1 &1197008837583252
GameObject:
  m_ObjectHideFlags: 1
  m_PrefabParentObject: {fileID: 0}
  m_PrefabInternal: {fileID: 100100000}
  serializedVersion: 5
  m_Component:
  - component: {fileID: 4054532955085284}
  m_Layer: 0
  m_Name: Base HumanSkirt7
  m_TagString: Untagged
  m_Icon: {fileID: 0}
  m_NavMeshLayer: 0
  m_StaticEditorFlags: 0
  m_IsActive: 1
--- !u!1 &1203872163196440
GameObject:
  m_ObjectHideFlags: 1
  m_PrefabParentObject: {fileID: 0}
  m_PrefabInternal: {fileID: 100100000}
  serializedVersion: 5
  m_Component:
  - component: {fileID: 4926111979116026}
  m_Layer: 0
  m_Name: Base HumanSkirt3
  m_TagString: Untagged
  m_Icon: {fileID: 0}
  m_NavMeshLayer: 0
  m_StaticEditorFlags: 0
  m_IsActive: 1
--- !u!1 &1207298008571232
GameObject:
  m_ObjectHideFlags: 1
  m_PrefabParentObject: {fileID: 0}
  m_PrefabInternal: {fileID: 100100000}
  serializedVersion: 5
  m_Component:
  - component: {fileID: 4417388328081750}
  m_Layer: 0
  m_Name: Base HumanRDigit53
  m_TagString: Untagged
  m_Icon: {fileID: 0}
  m_NavMeshLayer: 0
  m_StaticEditorFlags: 0
  m_IsActive: 1
--- !u!1 &1226615043492568
GameObject:
  m_ObjectHideFlags: 1
  m_PrefabParentObject: {fileID: 0}
  m_PrefabInternal: {fileID: 100100000}
  serializedVersion: 5
  m_Component:
  - component: {fileID: 4215279562812420}
  m_Layer: 0
  m_Name: Base HumanRDigit33
  m_TagString: Untagged
  m_Icon: {fileID: 0}
  m_NavMeshLayer: 0
  m_StaticEditorFlags: 0
  m_IsActive: 1
--- !u!1 &1243359998345530
GameObject:
  m_ObjectHideFlags: 1
  m_PrefabParentObject: {fileID: 0}
  m_PrefabInternal: {fileID: 100100000}
  serializedVersion: 5
  m_Component:
  - component: {fileID: 4111561606770542}
  m_Layer: 0
  m_Name: Base HumanRDigit32
  m_TagString: Untagged
  m_Icon: {fileID: 0}
  m_NavMeshLayer: 0
  m_StaticEditorFlags: 0
  m_IsActive: 1
--- !u!1 &1260736880873428
GameObject:
  m_ObjectHideFlags: 0
  m_PrefabParentObject: {fileID: 0}
  m_PrefabInternal: {fileID: 100100000}
  serializedVersion: 5
  m_Component:
  - component: {fileID: 4829803112343166}
  m_Layer: 0
  m_Name: Base HumanLPlatform
  m_TagString: Untagged
  m_Icon: {fileID: 0}
  m_NavMeshLayer: 0
  m_StaticEditorFlags: 0
  m_IsActive: 1
--- !u!1 &1263521117030838
GameObject:
  m_ObjectHideFlags: 1
  m_PrefabParentObject: {fileID: 0}
  m_PrefabInternal: {fileID: 100100000}
  serializedVersion: 5
  m_Component:
  - component: {fileID: 4310954485878888}
  m_Layer: 0
  m_Name: Base HumanLDigit11
  m_TagString: Untagged
  m_Icon: {fileID: 0}
  m_NavMeshLayer: 0
  m_StaticEditorFlags: 0
  m_IsActive: 1
--- !u!1 &1286023287740648
GameObject:
  m_ObjectHideFlags: 1
  m_PrefabParentObject: {fileID: 0}
  m_PrefabInternal: {fileID: 100100000}
  serializedVersion: 5
  m_Component:
  - component: {fileID: 4886461378765160}
  m_Layer: 0
  m_Name: Base HumanRDigit11 1
  m_TagString: Untagged
  m_Icon: {fileID: 0}
  m_NavMeshLayer: 0
  m_StaticEditorFlags: 0
  m_IsActive: 1
--- !u!1 &1290364082562728
GameObject:
  m_ObjectHideFlags: 1
  m_PrefabParentObject: {fileID: 0}
  m_PrefabInternal: {fileID: 100100000}
  serializedVersion: 5
  m_Component:
  - component: {fileID: 4645158615509934}
  m_Layer: 0
  m_Name: Base HumanRDigit51
  m_TagString: Untagged
  m_Icon: {fileID: 0}
  m_NavMeshLayer: 0
  m_StaticEditorFlags: 0
  m_IsActive: 1
--- !u!1 &1305780402335162
GameObject:
  m_ObjectHideFlags: 1
  m_PrefabParentObject: {fileID: 0}
  m_PrefabInternal: {fileID: 100100000}
  serializedVersion: 5
  m_Component:
  - component: {fileID: 4909209327996050}
  m_Layer: 0
  m_Name: Base HumanLDigit41
  m_TagString: Untagged
  m_Icon: {fileID: 0}
  m_NavMeshLayer: 0
  m_StaticEditorFlags: 0
  m_IsActive: 1
--- !u!1 &1308894101680522
GameObject:
  m_ObjectHideFlags: 1
  m_PrefabParentObject: {fileID: 0}
  m_PrefabInternal: {fileID: 100100000}
  serializedVersion: 5
  m_Component:
  - component: {fileID: 4358434903582874}
  m_Layer: 0
  m_Name: Base HumanLDigit31
  m_TagString: Untagged
  m_Icon: {fileID: 0}
  m_NavMeshLayer: 0
  m_StaticEditorFlags: 0
  m_IsActive: 1
--- !u!1 &1317891693453324
GameObject:
  m_ObjectHideFlags: 1
  m_PrefabParentObject: {fileID: 0}
  m_PrefabInternal: {fileID: 100100000}
  serializedVersion: 5
  m_Component:
  - component: {fileID: 4289666060763878}
  m_Layer: 0
  m_Name: Base HumanRDigit41
  m_TagString: Untagged
  m_Icon: {fileID: 0}
  m_NavMeshLayer: 0
  m_StaticEditorFlags: 0
  m_IsActive: 1
--- !u!1 &1318571377787508
GameObject:
  m_ObjectHideFlags: 0
  m_PrefabParentObject: {fileID: 0}
  m_PrefabInternal: {fileID: 100100000}
  serializedVersion: 5
  m_Component:
  - component: {fileID: 4755729562060232}
  - component: {fileID: 95700269433109746}
  m_Layer: 0
  m_Name: AnimeChibi-SchoolPack-Girl2(Clone) 3
  m_TagString: Untagged
  m_Icon: {fileID: 0}
  m_NavMeshLayer: 0
  m_StaticEditorFlags: 0
  m_IsActive: 1
--- !u!1 &1328851141651464
GameObject:
  m_ObjectHideFlags: 1
  m_PrefabParentObject: {fileID: 0}
  m_PrefabInternal: {fileID: 100100000}
  serializedVersion: 5
  m_Component:
  - component: {fileID: 4317645314857454}
  m_Layer: 0
  m_Name: Base HumanLDigit32
  m_TagString: Untagged
  m_Icon: {fileID: 0}
  m_NavMeshLayer: 0
  m_StaticEditorFlags: 0
  m_IsActive: 1
--- !u!1 &1355997226882594
GameObject:
  m_ObjectHideFlags: 1
  m_PrefabParentObject: {fileID: 0}
  m_PrefabInternal: {fileID: 100100000}
  serializedVersion: 5
  m_Component:
  - component: {fileID: 4781046678797016}
  m_Layer: 0
  m_Name: Base HumanLDigit51
  m_TagString: Untagged
  m_Icon: {fileID: 0}
  m_NavMeshLayer: 0
  m_StaticEditorFlags: 0
  m_IsActive: 1
--- !u!1 &1360529295973888
GameObject:
  m_ObjectHideFlags: 1
  m_PrefabParentObject: {fileID: 0}
  m_PrefabInternal: {fileID: 100100000}
  serializedVersion: 5
  m_Component:
  - component: {fileID: 4048777308383082}
  m_Layer: 0
  m_Name: Base HumanSkirt9
  m_TagString: Untagged
  m_Icon: {fileID: 0}
  m_NavMeshLayer: 0
  m_StaticEditorFlags: 0
  m_IsActive: 1
--- !u!1 &1368329737092612
GameObject:
  m_ObjectHideFlags: 1
  m_PrefabParentObject: {fileID: 0}
  m_PrefabInternal: {fileID: 100100000}
  serializedVersion: 5
  m_Component:
  - component: {fileID: 4634373935592036}
  m_Layer: 0
  m_Name: Base HumanSkirt8
  m_TagString: Untagged
  m_Icon: {fileID: 0}
  m_NavMeshLayer: 0
  m_StaticEditorFlags: 0
  m_IsActive: 1
--- !u!1 &1370657513214104
GameObject:
  m_ObjectHideFlags: 1
  m_PrefabParentObject: {fileID: 0}
  m_PrefabInternal: {fileID: 100100000}
  serializedVersion: 5
  m_Component:
  - component: {fileID: 4303397906194692}
  m_Layer: 0
  m_Name: Base HumanSkirt1
  m_TagString: Untagged
  m_Icon: {fileID: 0}
  m_NavMeshLayer: 0
  m_StaticEditorFlags: 0
  m_IsActive: 1
--- !u!1 &1380177735956494
GameObject:
  m_ObjectHideFlags: 1
  m_PrefabParentObject: {fileID: 0}
  m_PrefabInternal: {fileID: 100100000}
  serializedVersion: 5
  m_Component:
  - component: {fileID: 4559353521790918}
  m_Layer: 0
  m_Name: Base HumanSkirt11
  m_TagString: Untagged
  m_Icon: {fileID: 0}
  m_NavMeshLayer: 0
  m_StaticEditorFlags: 0
  m_IsActive: 1
--- !u!1 &1425353398040266
GameObject:
  m_ObjectHideFlags: 1
  m_PrefabParentObject: {fileID: 0}
  m_PrefabInternal: {fileID: 100100000}
  serializedVersion: 5
  m_Component:
  - component: {fileID: 4990851133236666}
  m_Layer: 0
  m_Name: Base HumanRThigh
  m_TagString: Untagged
  m_Icon: {fileID: 0}
  m_NavMeshLayer: 0
  m_StaticEditorFlags: 0
  m_IsActive: 1
--- !u!1 &1434192771666590
GameObject:
  m_ObjectHideFlags: 1
  m_PrefabParentObject: {fileID: 0}
  m_PrefabInternal: {fileID: 100100000}
  serializedVersion: 5
  m_Component:
  - component: {fileID: 4995582309448074}
  m_Layer: 0
  m_Name: Base HumanRibcage
  m_TagString: Untagged
  m_Icon: {fileID: 0}
  m_NavMeshLayer: 0
  m_StaticEditorFlags: 0
  m_IsActive: 1
--- !u!1 &1462234849381438
GameObject:
  m_ObjectHideFlags: 1
  m_PrefabParentObject: {fileID: 0}
  m_PrefabInternal: {fileID: 100100000}
  serializedVersion: 5
  m_Component:
  - component: {fileID: 4707722446206184}
  m_Layer: 0
  m_Name: Base HumanSkirt4
  m_TagString: Untagged
  m_Icon: {fileID: 0}
  m_NavMeshLayer: 0
  m_StaticEditorFlags: 0
  m_IsActive: 1
--- !u!1 &1465693571428968
GameObject:
  m_ObjectHideFlags: 1
  m_PrefabParentObject: {fileID: 0}
  m_PrefabInternal: {fileID: 100100000}
  serializedVersion: 5
  m_Component:
  - component: {fileID: 4165433504303556}
  m_Layer: 0
  m_Name: Base HumanNeck1
  m_TagString: Untagged
  m_Icon: {fileID: 0}
  m_NavMeshLayer: 0
  m_StaticEditorFlags: 0
  m_IsActive: 1
--- !u!1 &1474675997328170
GameObject:
  m_ObjectHideFlags: 1
  m_PrefabParentObject: {fileID: 0}
  m_PrefabInternal: {fileID: 100100000}
  serializedVersion: 5
  m_Component:
  - component: {fileID: 4889357030900176}
  m_Layer: 0
  m_Name: Base HumanLDigit12
  m_TagString: Untagged
  m_Icon: {fileID: 0}
  m_NavMeshLayer: 0
  m_StaticEditorFlags: 0
  m_IsActive: 1
--- !u!1 &1486753447403474
GameObject:
  m_ObjectHideFlags: 1
  m_PrefabParentObject: {fileID: 0}
  m_PrefabInternal: {fileID: 100100000}
  serializedVersion: 5
  m_Component:
  - component: {fileID: 4009013942417074}
  m_Layer: 0
  m_Name: Base HumanRCollarbone
  m_TagString: Untagged
  m_Icon: {fileID: 0}
  m_NavMeshLayer: 0
  m_StaticEditorFlags: 0
  m_IsActive: 1
--- !u!1 &1498466023489424
GameObject:
  m_ObjectHideFlags: 1
  m_PrefabParentObject: {fileID: 0}
  m_PrefabInternal: {fileID: 100100000}
  serializedVersion: 5
  m_Component:
  - component: {fileID: 4276125638318854}
  m_Layer: 0
  m_Name: Base HumanRFoot
  m_TagString: Untagged
  m_Icon: {fileID: 0}
  m_NavMeshLayer: 0
  m_StaticEditorFlags: 0
  m_IsActive: 1
--- !u!1 &1499628975143266
GameObject:
  m_ObjectHideFlags: 1
  m_PrefabParentObject: {fileID: 0}
  m_PrefabInternal: {fileID: 100100000}
  serializedVersion: 5
  m_Component:
  - component: {fileID: 4880057131727064}
  m_Layer: 0
  m_Name: Base HumanSpine1
  m_TagString: Untagged
  m_Icon: {fileID: 0}
  m_NavMeshLayer: 0
  m_StaticEditorFlags: 0
  m_IsActive: 1
--- !u!1 &1500875150316874
GameObject:
  m_ObjectHideFlags: 1
  m_PrefabParentObject: {fileID: 0}
  m_PrefabInternal: {fileID: 100100000}
  serializedVersion: 5
  m_Component:
  - component: {fileID: 4319673369333604}
  m_Layer: 0
  m_Name: Base HumanLUpperarm
  m_TagString: Untagged
  m_Icon: {fileID: 0}
  m_NavMeshLayer: 0
  m_StaticEditorFlags: 0
  m_IsActive: 1
--- !u!1 &1502489776878758
GameObject:
  m_ObjectHideFlags: 1
  m_PrefabParentObject: {fileID: 0}
  m_PrefabInternal: {fileID: 100100000}
  serializedVersion: 5
  m_Component:
  - component: {fileID: 4160641615795300}
  m_Layer: 0
  m_Name: Base HumanLDigit43
  m_TagString: Untagged
  m_Icon: {fileID: 0}
  m_NavMeshLayer: 0
  m_StaticEditorFlags: 0
  m_IsActive: 1
--- !u!1 &1503536759419298
GameObject:
  m_ObjectHideFlags: 1
  m_PrefabParentObject: {fileID: 0}
  m_PrefabInternal: {fileID: 100100000}
  serializedVersion: 5
  m_Component:
  - component: {fileID: 4059964673526006}
  m_Layer: 0
  m_Name: Base HumanSkirt6
  m_TagString: Untagged
  m_Icon: {fileID: 0}
  m_NavMeshLayer: 0
  m_StaticEditorFlags: 0
  m_IsActive: 1
--- !u!1 &1504001787151718
GameObject:
  m_ObjectHideFlags: 1
  m_PrefabParentObject: {fileID: 0}
  m_PrefabInternal: {fileID: 100100000}
  serializedVersion: 5
  m_Component:
  - component: {fileID: 4457809035196782}
  m_Layer: 0
  m_Name: Base HumanLCollarbone
  m_TagString: Untagged
  m_Icon: {fileID: 0}
  m_NavMeshLayer: 0
  m_StaticEditorFlags: 0
  m_IsActive: 1
--- !u!1 &1537098438848130
GameObject:
  m_ObjectHideFlags: 1
  m_PrefabParentObject: {fileID: 0}
  m_PrefabInternal: {fileID: 100100000}
  serializedVersion: 5
  m_Component:
  - component: {fileID: 4047642098780024}
  m_Layer: 0
  m_Name: Base HumanRUpperarm
  m_TagString: Untagged
  m_Icon: {fileID: 0}
  m_NavMeshLayer: 0
  m_StaticEditorFlags: 0
  m_IsActive: 1
--- !u!1 &1541090861433346
GameObject:
  m_ObjectHideFlags: 1
  m_PrefabParentObject: {fileID: 0}
  m_PrefabInternal: {fileID: 100100000}
  serializedVersion: 5
  m_Component:
  - component: {fileID: 4442177286521866}
  m_Layer: 0
  m_Name: Base HumanLDigit13
  m_TagString: Untagged
  m_Icon: {fileID: 0}
  m_NavMeshLayer: 0
  m_StaticEditorFlags: 0
  m_IsActive: 1
--- !u!1 &1552686289804074
GameObject:
  m_ObjectHideFlags: 1
  m_PrefabParentObject: {fileID: 0}
  m_PrefabInternal: {fileID: 100100000}
  serializedVersion: 5
  m_Component:
  - component: {fileID: 4929588375527890}
  m_Layer: 0
  m_Name: Base HumanRDigit21
  m_TagString: Untagged
  m_Icon: {fileID: 0}
  m_NavMeshLayer: 0
  m_StaticEditorFlags: 0
  m_IsActive: 1
--- !u!1 &1554159403340802
GameObject:
  m_ObjectHideFlags: 1
  m_PrefabParentObject: {fileID: 0}
  m_PrefabInternal: {fileID: 100100000}
  serializedVersion: 5
  m_Component:
  - component: {fileID: 4382629960330298}
  m_Layer: 0
  m_Name: Base HumanSkirt2
  m_TagString: Untagged
  m_Icon: {fileID: 0}
  m_NavMeshLayer: 0
  m_StaticEditorFlags: 0
  m_IsActive: 1
--- !u!1 &1568216775923202
GameObject:
  m_ObjectHideFlags: 1
  m_PrefabParentObject: {fileID: 0}
  m_PrefabInternal: {fileID: 100100000}
  serializedVersion: 5
  m_Component:
  - component: {fileID: 4990735927995546}
  - component: {fileID: 137505744350320396}
  m_Layer: 0
  m_Name: GIRL_HAIR_02
  m_TagString: Untagged
  m_Icon: {fileID: 0}
  m_NavMeshLayer: 0
  m_StaticEditorFlags: 0
  m_IsActive: 1
--- !u!1 &1583453834033778
GameObject:
  m_ObjectHideFlags: 1
  m_PrefabParentObject: {fileID: 0}
  m_PrefabInternal: {fileID: 100100000}
  serializedVersion: 5
  m_Component:
  - component: {fileID: 4585653864785232}
  m_Layer: 0
  m_Name: Base HumanRDigit23
  m_TagString: Untagged
  m_Icon: {fileID: 0}
  m_NavMeshLayer: 0
  m_StaticEditorFlags: 0
  m_IsActive: 1
--- !u!1 &1614436573853520
GameObject:
  m_ObjectHideFlags: 1
  m_PrefabParentObject: {fileID: 0}
  m_PrefabInternal: {fileID: 100100000}
  serializedVersion: 5
  m_Component:
  - component: {fileID: 4597152741878904}
  m_Layer: 0
  m_Name: Base HumanHead
  m_TagString: Untagged
  m_Icon: {fileID: 0}
  m_NavMeshLayer: 0
  m_StaticEditorFlags: 0
  m_IsActive: 1
--- !u!1 &1629627428809798
GameObject:
  m_ObjectHideFlags: 0
  m_PrefabParentObject: {fileID: 0}
  m_PrefabInternal: {fileID: 100100000}
  serializedVersion: 5
  m_Component:
  - component: {fileID: 4474652978811826}
  - component: {fileID: 137953454105799838}
  m_Layer: 0
  m_Name: GIRL_BODY_02
  m_TagString: Untagged
  m_Icon: {fileID: 0}
  m_NavMeshLayer: 0
  m_StaticEditorFlags: 0
  m_IsActive: 1
--- !u!1 &1632843097338028
GameObject:
  m_ObjectHideFlags: 1
  m_PrefabParentObject: {fileID: 0}
  m_PrefabInternal: {fileID: 100100000}
  serializedVersion: 5
  m_Component:
  - component: {fileID: 4638219607471052}
  m_Layer: 0
  m_Name: Base HumanLCalf
  m_TagString: Untagged
  m_Icon: {fileID: 0}
  m_NavMeshLayer: 0
  m_StaticEditorFlags: 0
  m_IsActive: 1
--- !u!1 &1683447710625658
GameObject:
  m_ObjectHideFlags: 1
  m_PrefabParentObject: {fileID: 0}
  m_PrefabInternal: {fileID: 100100000}
  serializedVersion: 5
  m_Component:
  - component: {fileID: 4060226564254844}
  m_Layer: 0
  m_Name: Base HumanRDigit43
  m_TagString: Untagged
  m_Icon: {fileID: 0}
  m_NavMeshLayer: 0
  m_StaticEditorFlags: 0
  m_IsActive: 1
--- !u!1 &1713199624251732
GameObject:
  m_ObjectHideFlags: 1
  m_PrefabParentObject: {fileID: 0}
  m_PrefabInternal: {fileID: 100100000}
  serializedVersion: 5
  m_Component:
  - component: {fileID: 4391611780981972}
  m_Layer: 0
  m_Name: Base HumanRDigit52
  m_TagString: Untagged
  m_Icon: {fileID: 0}
  m_NavMeshLayer: 0
  m_StaticEditorFlags: 0
  m_IsActive: 1
--- !u!1 &1720107150079338
GameObject:
  m_ObjectHideFlags: 1
  m_PrefabParentObject: {fileID: 0}
  m_PrefabInternal: {fileID: 100100000}
  serializedVersion: 5
  m_Component:
  - component: {fileID: 4152303792593148}
  m_Layer: 0
  m_Name: Base HumanRDigit12
  m_TagString: Untagged
  m_Icon: {fileID: 0}
  m_NavMeshLayer: 0
  m_StaticEditorFlags: 0
  m_IsActive: 1
--- !u!1 &1730491986072646
GameObject:
  m_ObjectHideFlags: 1
  m_PrefabParentObject: {fileID: 0}
  m_PrefabInternal: {fileID: 100100000}
  serializedVersion: 5
  m_Component:
  - component: {fileID: 4746655181968034}
  m_Layer: 0
  m_Name: Base HumanLForearm
  m_TagString: Untagged
  m_Icon: {fileID: 0}
  m_NavMeshLayer: 0
  m_StaticEditorFlags: 0
  m_IsActive: 1
--- !u!1 &1751019013483116
GameObject:
  m_ObjectHideFlags: 1
  m_PrefabParentObject: {fileID: 0}
  m_PrefabInternal: {fileID: 100100000}
  serializedVersion: 5
  m_Component:
  - component: {fileID: 4645478283371036}
  m_Layer: 0
  m_Name: Base HumanSkirt13
  m_TagString: Untagged
  m_Icon: {fileID: 0}
  m_NavMeshLayer: 0
  m_StaticEditorFlags: 0
  m_IsActive: 1
--- !u!1 &1782669260807250
GameObject:
  m_ObjectHideFlags: 1
  m_PrefabParentObject: {fileID: 0}
  m_PrefabInternal: {fileID: 100100000}
  serializedVersion: 5
  m_Component:
  - component: {fileID: 4155969463104298}
  m_Layer: 0
  m_Name: Base HumanLDigit11 1
  m_TagString: Untagged
  m_Icon: {fileID: 0}
  m_NavMeshLayer: 0
  m_StaticEditorFlags: 0
  m_IsActive: 1
--- !u!1 &1787090289379886
GameObject:
  m_ObjectHideFlags: 1
  m_PrefabParentObject: {fileID: 0}
  m_PrefabInternal: {fileID: 100100000}
  serializedVersion: 5
  m_Component:
  - component: {fileID: 4805238072253778}
  m_Layer: 0
  m_Name: Base HumanLDigit22
  m_TagString: Untagged
  m_Icon: {fileID: 0}
  m_NavMeshLayer: 0
  m_StaticEditorFlags: 0
  m_IsActive: 1
--- !u!1 &1790547781037276
GameObject:
  m_ObjectHideFlags: 1
  m_PrefabParentObject: {fileID: 0}
  m_PrefabInternal: {fileID: 100100000}
  serializedVersion: 5
  m_Component:
  - component: {fileID: 4173944177800844}
  m_Layer: 0
  m_Name: Base HumanRCalf
  m_TagString: Untagged
  m_Icon: {fileID: 0}
  m_NavMeshLayer: 0
  m_StaticEditorFlags: 0
  m_IsActive: 1
--- !u!1 &1791592314877022
GameObject:
  m_ObjectHideFlags: 1
  m_PrefabParentObject: {fileID: 0}
  m_PrefabInternal: {fileID: 100100000}
  serializedVersion: 5
  m_Component:
  - component: {fileID: 4963269442388162}
  m_Layer: 0
  m_Name: Base HumanSpine2
  m_TagString: Untagged
  m_Icon: {fileID: 0}
  m_NavMeshLayer: 0
  m_StaticEditorFlags: 0
  m_IsActive: 1
--- !u!1 &1794177971700822
GameObject:
  m_ObjectHideFlags: 1
  m_PrefabParentObject: {fileID: 0}
  m_PrefabInternal: {fileID: 100100000}
  serializedVersion: 5
  m_Component:
  - component: {fileID: 4265160822546874}
  m_Layer: 0
  m_Name: Base HumanLDigit33
  m_TagString: Untagged
  m_Icon: {fileID: 0}
  m_NavMeshLayer: 0
  m_StaticEditorFlags: 0
  m_IsActive: 1
--- !u!1 &1798305770649152
GameObject:
  m_ObjectHideFlags: 1
  m_PrefabParentObject: {fileID: 0}
  m_PrefabInternal: {fileID: 100100000}
  serializedVersion: 5
  m_Component:
  - component: {fileID: 4719484939973066}
  m_Layer: 0
  m_Name: Base HumanLDigit21
  m_TagString: Untagged
  m_Icon: {fileID: 0}
  m_NavMeshLayer: 0
  m_StaticEditorFlags: 0
  m_IsActive: 1
--- !u!1 &1817201349202956
GameObject:
  m_ObjectHideFlags: 1
  m_PrefabParentObject: {fileID: 0}
  m_PrefabInternal: {fileID: 100100000}
  serializedVersion: 5
  m_Component:
  - component: {fileID: 4938104750371818}
  m_Layer: 0
  m_Name: Base HumanLFoot
  m_TagString: Untagged
  m_Icon: {fileID: 0}
  m_NavMeshLayer: 0
  m_StaticEditorFlags: 0
  m_IsActive: 1
--- !u!1 &1822632455987264
GameObject:
  m_ObjectHideFlags: 1
  m_PrefabParentObject: {fileID: 0}
  m_PrefabInternal: {fileID: 100100000}
  serializedVersion: 5
  m_Component:
  - component: {fileID: 4513298136796840}
  m_Layer: 0
  m_Name: Base HumanLThigh
  m_TagString: Untagged
  m_Icon: {fileID: 0}
  m_NavMeshLayer: 0
  m_StaticEditorFlags: 0
  m_IsActive: 1
--- !u!1 &1823898723695270
GameObject:
  m_ObjectHideFlags: 0
  m_PrefabParentObject: {fileID: 0}
  m_PrefabInternal: {fileID: 100100000}
  serializedVersion: 5
  m_Component:
  - component: {fileID: 4926679874814308}
  m_Layer: 0
  m_Name: Base Human
  m_TagString: Untagged
  m_Icon: {fileID: 0}
  m_NavMeshLayer: 0
  m_StaticEditorFlags: 0
  m_IsActive: 1
--- !u!1 &1849192550359114
GameObject:
  m_ObjectHideFlags: 1
  m_PrefabParentObject: {fileID: 0}
  m_PrefabInternal: {fileID: 100100000}
  serializedVersion: 5
  m_Component:
  - component: {fileID: 4994771893708494}
  m_Layer: 0
  m_Name: Base HumanSkirt12
  m_TagString: Untagged
  m_Icon: {fileID: 0}
  m_NavMeshLayer: 0
  m_StaticEditorFlags: 0
  m_IsActive: 1
--- !u!1 &1883281079258750
GameObject:
  m_ObjectHideFlags: 1
  m_PrefabParentObject: {fileID: 0}
  m_PrefabInternal: {fileID: 100100000}
  serializedVersion: 5
  m_Component:
  - component: {fileID: 4350834541026656}
  m_Layer: 0
  m_Name: Base HumanRDigit31
  m_TagString: Untagged
  m_Icon: {fileID: 0}
  m_NavMeshLayer: 0
  m_StaticEditorFlags: 0
  m_IsActive: 1
--- !u!1 &1886853501476968
GameObject:
  m_ObjectHideFlags: 1
  m_PrefabParentObject: {fileID: 0}
  m_PrefabInternal: {fileID: 100100000}
  serializedVersion: 5
  m_Component:
  - component: {fileID: 4492575062203174}
  m_Layer: 0
  m_Name: Base HumanRDigit13
  m_TagString: Untagged
  m_Icon: {fileID: 0}
  m_NavMeshLayer: 0
  m_StaticEditorFlags: 0
  m_IsActive: 1
--- !u!1 &1892640765536446
GameObject:
  m_ObjectHideFlags: 0
  m_PrefabParentObject: {fileID: 0}
  m_PrefabInternal: {fileID: 100100000}
  serializedVersion: 5
  m_Component:
  - component: {fileID: 4150286843546982}
  m_Layer: 0
  m_Name: Base HumanRPlatform
  m_TagString: Untagged
  m_Icon: {fileID: 0}
  m_NavMeshLayer: 0
  m_StaticEditorFlags: 0
  m_IsActive: 1
--- !u!1 &1935480010922470
GameObject:
  m_ObjectHideFlags: 1
  m_PrefabParentObject: {fileID: 0}
  m_PrefabInternal: {fileID: 100100000}
  serializedVersion: 5
  m_Component:
  - component: {fileID: 4919384873881868}
  m_Layer: 0
  m_Name: Base HumanLPalm
  m_TagString: Untagged
  m_Icon: {fileID: 0}
  m_NavMeshLayer: 0
  m_StaticEditorFlags: 0
  m_IsActive: 1
--- !u!4 &4009013942417074
Transform:
  m_ObjectHideFlags: 1
  m_PrefabParentObject: {fileID: 0}
  m_PrefabInternal: {fileID: 100100000}
  m_GameObject: {fileID: 1486753447403474}
  m_LocalRotation: {x: -0.0109589165, y: -0.7944661, z: 0.026393192, w: 0.60663575}
  m_LocalPosition: {x: 0.012160893, y: 0.013618815, z: -0.024469746}
  m_LocalScale: {x: 1, y: 1, z: 1}
  m_Children:
  - {fileID: 4047642098780024}
  m_Father: {fileID: 4995582309448074}
  m_RootOrder: 2
  m_LocalEulerAnglesHint: {x: 0, y: 0, z: 0}
--- !u!4 &4047642098780024
Transform:
  m_ObjectHideFlags: 1
  m_PrefabParentObject: {fileID: 0}
  m_PrefabInternal: {fileID: 100100000}
  m_GameObject: {fileID: 1537098438848130}
  m_LocalRotation: {x: -0.037872378, y: -0.18726672, z: -0.022585576, w: 0.9813189}
  m_LocalPosition: {x: -0.027256798, y: -0.000000016763806, z: 0.000000040978193}
  m_LocalScale: {x: 1, y: 1, z: 0.9999999}
  m_Children:
  - {fileID: 4569592961484500}
  m_Father: {fileID: 4009013942417074}
  m_RootOrder: 0
  m_LocalEulerAnglesHint: {x: -4.749, y: -21.536001, z: -1.733}
--- !u!4 &4048777308383082
Transform:
  m_ObjectHideFlags: 1
  m_PrefabParentObject: {fileID: 0}
  m_PrefabInternal: {fileID: 100100000}
  m_GameObject: {fileID: 1360529295973888}
  m_LocalRotation: {x: 0.12164278, y: 0.97996354, z: 0.15719217, w: -0.012851796}
  m_LocalPosition: {x: -0.015547523, y: -0.023216039, z: -0.022647962}
  m_LocalScale: {x: 1, y: 1, z: 1}
  m_Children:
  - {fileID: 4660132644129394}
  m_Father: {fileID: 4652449841840040}
  m_RootOrder: 5
  m_LocalEulerAnglesHint: {x: 0, y: 0, z: 0}
--- !u!4 &4054532955085284
Transform:
  m_ObjectHideFlags: 1
  m_PrefabParentObject: {fileID: 0}
  m_PrefabInternal: {fileID: 100100000}
  m_GameObject: {fileID: 1197008837583252}
  m_LocalRotation: {x: 0.12164278, y: 0.97996354, z: -0.15719217, w: 0.012851796}
  m_LocalPosition: {x: -0.015547523, y: -0.023216039, z: 0.022647962}
  m_LocalScale: {x: 1, y: 1, z: 1}
  m_Children:
  - {fileID: 4634373935592036}
  m_Father: {fileID: 4652449841840040}
  m_RootOrder: 4
  m_LocalEulerAnglesHint: {x: 0, y: 0, z: 0}
--- !u!4 &4058299691797806
Transform:
  m_ObjectHideFlags: 1
  m_PrefabParentObject: {fileID: 0}
  m_PrefabInternal: {fileID: 100100000}
  m_GameObject: {fileID: 1047573315435286}
  m_LocalRotation: {x: -0.0000004783506, y: 0.00000038743022, z: -0.0409637, w: 0.99916065}
  m_LocalPosition: {x: -0.007419033, y: -0.000000019073486, z: 0}
  m_LocalScale: {x: 0.99999774, y: 1.0000021, z: 0.9999998}
  m_Children:
  - {fileID: 4585653864785232}
  m_Father: {fileID: 4929588375527890}
  m_RootOrder: 0
  m_LocalEulerAnglesHint: {x: 0, y: 0, z: 0}
--- !u!4 &4059964673526006
Transform:
  m_ObjectHideFlags: 1
  m_PrefabParentObject: {fileID: 0}
  m_PrefabInternal: {fileID: 100100000}
  m_GameObject: {fileID: 1503536759419298}
  m_LocalRotation: {x: 0.00000019650906, y: -0.000000027939619, z: 0.00000029802325,
    w: 1}
  m_LocalPosition: {x: -0.02388834, y: -0.000000009536743, z: -0.0000000011920929}
  m_LocalScale: {x: 1, y: 1, z: 1}
  m_Children: []
  m_Father: {fileID: 4264664574090874}
  m_RootOrder: 0
  m_LocalEulerAnglesHint: {x: 0, y: 0, z: 0}
--- !u!4 &4060226564254844
Transform:
  m_ObjectHideFlags: 1
  m_PrefabParentObject: {fileID: 0}
  m_PrefabInternal: {fileID: 100100000}
  m_GameObject: {fileID: 1683447710625658}
  m_LocalRotation: {x: 0.0000006775245, y: 0.00000021803928, z: -0.022644967, w: 0.9997436}
  m_LocalPosition: {x: -0.0077922055, y: -0.000000019073486, z: 0.0000000047683715}
  m_LocalScale: {x: 0.999998, y: 1.0000024, z: 0.9999996}
  m_Children: []
  m_Father: {fileID: 4068040000465180}
  m_RootOrder: 0
  m_LocalEulerAnglesHint: {x: 0, y: 0, z: 0}
--- !u!4 &4068040000465180
Transform:
  m_ObjectHideFlags: 1
  m_PrefabParentObject: {fileID: 0}
  m_PrefabInternal: {fileID: 100100000}
  m_GameObject: {fileID: 1172404280863100}
  m_LocalRotation: {x: 0.000000691784, y: 0.00000018953652, z: -0.022644872, w: 0.9997436}
  m_LocalPosition: {x: -0.0077921865, y: -0.000000019073486, z: 0.0000000047683715}
  m_LocalScale: {x: 0.99999815, y: 1.0000021, z: 0.9999997}
  m_Children:
  - {fileID: 4060226564254844}
  m_Father: {fileID: 4289666060763878}
  m_RootOrder: 0
  m_LocalEulerAnglesHint: {x: 0, y: 0, z: 0}
--- !u!4 &4111561606770542
Transform:
  m_ObjectHideFlags: 1
  m_PrefabParentObject: {fileID: 0}
  m_PrefabInternal: {fileID: 100100000}
  m_GameObject: {fileID: 1243359998345530}
  m_LocalRotation: {x: 0.00000019205383, y: 0.0000000945461, z: -0.026069697, w: 0.99966013}
  m_LocalPosition: {x: -0.008316421, y: -0.000000019073486, z: 0.0000000023841857}
  m_LocalScale: {x: 0.9999979, y: 1.000002, z: 0.9999998}
  m_Children:
  - {fileID: 4215279562812420}
  m_Father: {fileID: 4350834541026656}
  m_RootOrder: 0
  m_LocalEulerAnglesHint: {x: 0, y: 0, z: 0}
--- !u!4 &4123335135777756
Transform:
  m_ObjectHideFlags: 1
  m_PrefabParentObject: {fileID: 0}
  m_PrefabInternal: {fileID: 100100000}
  m_GameObject: {fileID: 1174649608025668}
  m_LocalRotation: {x: 0.0000007800968, y: 0.00000080254546, z: -0.022522463, w: 0.9997464}
  m_LocalPosition: {x: -0.0056448937, y: 0, z: 0.0000000047683715}
  m_LocalScale: {x: 1.0000019, y: 0.9999978, z: 1.0000007}
  m_Children: []
  m_Father: {fileID: 4799386833620158}
  m_RootOrder: 0
  m_LocalEulerAnglesHint: {x: 0, y: 0, z: 0}
--- !u!4 &4150286843546982
Transform:
  m_ObjectHideFlags: 1
  m_PrefabParentObject: {fileID: 0}
  m_PrefabInternal: {fileID: 100100000}
  m_GameObject: {fileID: 1892640765536446}
  m_LocalRotation: {x: 0.50000006, y: -0.50000006, z: -0.49999994, w: 0.49999994}
  m_LocalPosition: {x: 0.035180755, y: -3.133216e-10, z: 0.00058279186}
  m_LocalScale: {x: 0.99999994, y: 0.99999994, z: 0.99999994}
  m_Children: []
  m_Father: {fileID: 4755729562060232}
  m_RootOrder: 3
  m_LocalEulerAnglesHint: {x: 0, y: 0, z: 0}
--- !u!4 &4152303792593148
Transform:
  m_ObjectHideFlags: 1
  m_PrefabParentObject: {fileID: 0}
  m_PrefabInternal: {fileID: 100100000}
  m_GameObject: {fileID: 1720107150079338}
  m_LocalRotation: {x: 0.00504903, y: 0.09362654, z: -0.005150421, w: 0.99558127}
  m_LocalPosition: {x: -0.014211158, y: -0.000000019073486, z: -0.000000019073486}
  m_LocalScale: {x: 0.9999991, y: 1.0000029, z: 0.99999774}
  m_Children:
  - {fileID: 4492575062203174}
  m_Father: {fileID: 4886461378765160}
  m_RootOrder: 0
  m_LocalEulerAnglesHint: {x: 0, y: 0, z: 0}
--- !u!4 &4155969463104298
Transform:
  m_ObjectHideFlags: 1
  m_PrefabParentObject: {fileID: 0}
  m_PrefabInternal: {fileID: 100100000}
  m_GameObject: {fileID: 1782669260807250}
  m_LocalRotation: {x: 0.03154998, y: 0.59314924, z: -0.078386486, w: 0.80064607}
  m_LocalPosition: {x: -0.00266942, y: -0.003482189, z: 0.0013833734}
  m_LocalScale: {x: 1.0000006, y: 0.9999974, z: 1.0000023}
  m_Children:
  - {fileID: 4889357030900176}
  m_Father: {fileID: 4919384873881868}
  m_RootOrder: 0
  m_LocalEulerAnglesHint: {x: 0, y: 0, z: 0}
--- !u!4 &4160641615795300
Transform:
  m_ObjectHideFlags: 1
  m_PrefabParentObject: {fileID: 0}
  m_PrefabInternal: {fileID: 100100000}
  m_GameObject: {fileID: 1502489776878758}
  m_LocalRotation: {x: 0.000000478138, y: 0.00000054545507, z: -0.022647373, w: 0.9997435}
  m_LocalPosition: {x: -0.0077922055, y: 0.000000038146972, z: 0.0000000023841857}
  m_LocalScale: {x: 1.0000024, y: 0.9999978, z: 1.0000002}
  m_Children: []
  m_Father: {fileID: 4392206859442994}
  m_RootOrder: 0
  m_LocalEulerAnglesHint: {x: 0, y: 0, z: 0}
--- !u!4 &4165433504303556
Transform:
  m_ObjectHideFlags: 1
  m_PrefabParentObject: {fileID: 0}
  m_PrefabInternal: {fileID: 100100000}
  m_GameObject: {fileID: 1465693571428968}
  m_LocalRotation: {x: 0.00000015778775, y: -0.000014271567, z: -0.045702424, w: 0.99895513}
  m_LocalPosition: {x: -0.0002527046, y: 0.00994248, z: 6.272717e-10}
  m_LocalScale: {x: 1, y: 1, z: 1}
  m_Children:
  - {fileID: 4319299003588652}
  m_Father: {fileID: 4995582309448074}
  m_RootOrder: 0
  m_LocalEulerAnglesHint: {x: 1.2570001, y: -0.003, z: -5.2390003}
--- !u!4 &4173944177800844
Transform:
  m_ObjectHideFlags: 1
  m_PrefabParentObject: {fileID: 0}
  m_PrefabInternal: {fileID: 100100000}
  m_GameObject: {fileID: 1790547781037276}
  m_LocalRotation: {x: 0.008593924, y: -0.0008222207, z: 0.096767336, w: 0.9952696}
  m_LocalPosition: {x: -0.058069494, y: 0.00000002324581, z: -0.000000035762785}
  m_LocalScale: {x: 1.000002, y: 0.9999981, z: 1.0000001}
  m_Children:
  - {fileID: 4276125638318854}
  m_Father: {fileID: 4990851133236666}
  m_RootOrder: 0
  m_LocalEulerAnglesHint: {x: 3.4280002, y: -0.05, z: 11.122001}
--- !u!4 &4193080735151426
Transform:
  m_ObjectHideFlags: 1
  m_PrefabParentObject: {fileID: 0}
  m_PrefabInternal: {fileID: 100100000}
  m_GameObject: {fileID: 1069603834203282}
  m_LocalRotation: {x: -0.0000017810092, y: -0.00000027862828, z: 0.12181705, w: 0.9925526}
  m_LocalPosition: {x: -0.028929481, y: -5.9604643e-10, z: 0}
  m_LocalScale: {x: 1, y: 1.0000004, z: 1}
  m_Children:
  - {fileID: 4995582309448074}
  m_Father: {fileID: 4963269442388162}
  m_RootOrder: 0
  m_LocalEulerAnglesHint: {x: 0, y: 0, z: 0}
--- !u!4 &4215279562812420
Transform:
  m_ObjectHideFlags: 1
  m_PrefabParentObject: {fileID: 0}
  m_PrefabInternal: {fileID: 100100000}
  m_GameObject: {fileID: 1226615043492568}
  m_LocalRotation: {x: 0.00000018583512, y: 0.00000010615729, z: -0.026069807, w: 0.99966013}
  m_LocalPosition: {x: -0.008316421, y: -0.000000019073486, z: 0.0000000011920929}
  m_LocalScale: {x: 0.9999977, y: 1.0000024, z: 0.9999998}
  m_Children: []
  m_Father: {fileID: 4111561606770542}
  m_RootOrder: 0
  m_LocalEulerAnglesHint: {x: 0, y: 0, z: 0}
--- !u!4 &4218245705392916
Transform:
  m_ObjectHideFlags: 1
  m_PrefabParentObject: {fileID: 0}
  m_PrefabInternal: {fileID: 100100000}
  m_GameObject: {fileID: 1025182406596478}
  m_LocalRotation: {x: 0.0021641715, y: -0.010413115, z: -0.3816434, w: 0.92424846}
  m_LocalPosition: {x: -0.025070366, y: 0.0020832573, z: -0.00005530357}
  m_LocalScale: {x: 1.0000044, y: 0.99999565, z: 1.0000001}
  m_Children: []
  m_Father: {fileID: 4276125638318854}
  m_RootOrder: 0
  m_LocalEulerAnglesHint: {x: 0, y: 0, z: 0}
--- !u!4 &4264664574090874
Transform:
  m_ObjectHideFlags: 1
  m_PrefabParentObject: {fileID: 0}
  m_PrefabInternal: {fileID: 100100000}
  m_GameObject: {fileID: 1037633651947672}
  m_LocalRotation: {x: 0.16113727, y: 0.7968728, z: -0.5766422, w: 0.080699734}
  m_LocalPosition: {x: -0.013544178, y: 0.0041676736, z: 0.053088136}
  m_LocalScale: {x: 1, y: 1, z: 1}
  m_Children:
  - {fileID: 4059964673526006}
  m_Father: {fileID: 4652449841840040}
  m_RootOrder: 3
  m_LocalEulerAnglesHint: {x: 0, y: 0, z: 0}
--- !u!4 &4265160822546874
Transform:
  m_ObjectHideFlags: 1
  m_PrefabParentObject: {fileID: 0}
  m_PrefabInternal: {fileID: 100100000}
  m_GameObject: {fileID: 1794177971700822}
  m_LocalRotation: {x: 0.00000013760939, y: 0.00000013239354, z: -0.02607237, w: 0.9996601}
  m_LocalPosition: {x: -0.008316421, y: 0, z: 0.0000000023841857}
  m_LocalScale: {x: 1.0000029, y: 0.99999744, z: 0.99999994}
  m_Children: []
  m_Father: {fileID: 4317645314857454}
  m_RootOrder: 0
  m_LocalEulerAnglesHint: {x: 0, y: 0, z: 0}
--- !u!4 &4276125638318854
Transform:
  m_ObjectHideFlags: 1
  m_PrefabParentObject: {fileID: 0}
  m_PrefabInternal: {fileID: 100100000}
  m_GameObject: {fileID: 1498466023489424}
  m_LocalRotation: {x: -0.031606622, y: -0.0067892056, z: -0.48037475, w: 0.87646735}
  m_LocalPosition: {x: -0.060514193, y: 0, z: 0}
  m_LocalScale: {x: 1.0000081, y: 0.9999908, z: 1.0000011}
  m_Children:
  - {fileID: 4218245705392916}
  m_Father: {fileID: 4173944177800844}
  m_RootOrder: 0
  m_LocalEulerAnglesHint: {x: 0, y: 0, z: 0}
--- !u!4 &4289666060763878
Transform:
  m_ObjectHideFlags: 1
  m_PrefabParentObject: {fileID: 0}
  m_PrefabInternal: {fileID: 100100000}
  m_GameObject: {fileID: 1317891693453324}
  m_LocalRotation: {x: -0.0035284758, y: -0.0036936589, z: -0.022460032, w: 0.99973476}
  m_LocalPosition: {x: -0.016985625, y: 0.00092002866, z: 0.003480981}
  m_LocalScale: {x: 0.99999833, y: 1.0000019, z: 0.99999964}
  m_Children:
  - {fileID: 4068040000465180}
  m_Father: {fileID: 4361808312465216}
  m_RootOrder: 2
  m_LocalEulerAnglesHint: {x: 0, y: 0, z: 0}
--- !u!4 &4303397906194692
Transform:
  m_ObjectHideFlags: 1
  m_PrefabParentObject: {fileID: 0}
  m_PrefabInternal: {fileID: 100100000}
  m_GameObject: {fileID: 1370657513214104}
  m_LocalRotation: {x: 7.573045e-15, y: -4.3838105e-15, z: 0.9951566, w: -0.09830231}
  m_LocalPosition: {x: -0.0036292456, y: 0.058147773, z: -3.410605e-15}
  m_LocalScale: {x: 1, y: 1, z: 1}
  m_Children:
  - {fileID: 4382629960330298}
  m_Father: {fileID: 4652449841840040}
  m_RootOrder: 1
  m_LocalEulerAnglesHint: {x: 0, y: 0, z: 0}
--- !u!4 &4310954485878888
Transform:
  m_ObjectHideFlags: 1
  m_PrefabParentObject: {fileID: 0}
  m_PrefabInternal: {fileID: 100100000}
  m_GameObject: {fileID: 1263521117030838}
  m_LocalRotation: {x: -0.002164131, y: 0.010413116, z: -0.3816434, w: 0.92424846}
  m_LocalPosition: {x: -0.02507033, y: 0.0020828175, z: 0.000055298806}
  m_LocalScale: {x: 0.99999565, y: 1.0000044, z: 1.0000001}
  m_Children: []
  m_Father: {fileID: 4938104750371818}
  m_RootOrder: 0
  m_LocalEulerAnglesHint: {x: 0, y: 0, z: 0}
--- !u!4 &4317645314857454
Transform:
  m_ObjectHideFlags: 1
  m_PrefabParentObject: {fileID: 0}
  m_PrefabInternal: {fileID: 100100000}
  m_GameObject: {fileID: 1328851141651464}
  m_LocalRotation: {x: 0.00000014307136, y: 0.00000012749103, z: -0.0260725, w: 0.9996601}
  m_LocalPosition: {x: -0.0083164405, y: 0.000000019073486, z: 0.0000000011920929}
  m_LocalScale: {x: 1.0000025, y: 0.99999774, z: 0.99999994}
  m_Children:
  - {fileID: 4265160822546874}
  m_Father: {fileID: 4358434903582874}
  m_RootOrder: 0
  m_LocalEulerAnglesHint: {x: 0, y: 0, z: 0}
--- !u!4 &4319299003588652
Transform:
  m_ObjectHideFlags: 1
  m_PrefabParentObject: {fileID: 0}
  m_PrefabInternal: {fileID: 100100000}
  m_GameObject: {fileID: 1074468236432210}
  m_LocalRotation: {x: -0.000000023445539, y: -0.00000006076165, z: 0.34877646, w: 0.937206}
  m_LocalPosition: {x: -0.0131311985, y: -0.0000000011920929, z: 5.820766e-13}
  m_LocalScale: {x: 0.99999994, y: 0.99999994, z: 1}
  m_Children:
  - {fileID: 4597152741878904}
  m_Father: {fileID: 4165433504303556}
  m_RootOrder: 0
  m_LocalEulerAnglesHint: {x: 0, y: 0, z: 0}
--- !u!4 &4319673369333604
Transform:
  m_ObjectHideFlags: 1
  m_PrefabParentObject: {fileID: 0}
  m_PrefabInternal: {fileID: 100100000}
  m_GameObject: {fileID: 1500875150316874}
  m_LocalRotation: {x: 0.037346642, y: 0.1623633, z: -0.022581246, w: 0.98576546}
  m_LocalPosition: {x: -0.027260777, y: 0.0000004868489, z: -0.0000010132791}
  m_LocalScale: {x: 1, y: 1, z: 1}
  m_Children:
  - {fileID: 4746655181968034}
  m_Father: {fileID: 4457809035196782}
  m_RootOrder: 0
  m_LocalEulerAnglesHint: {x: 4.644, y: 18.631, z: -1.8620001}
--- !u!4 &4350834541026656
Transform:
  m_ObjectHideFlags: 1
  m_PrefabParentObject: {fileID: 0}
  m_PrefabInternal: {fileID: 100100000}
  m_GameObject: {fileID: 1883281079258750}
  m_LocalRotation: {x: 0.00036833197, y: -0.03989882, z: -0.009232434, w: 0.999161}
  m_LocalPosition: {x: -0.017103003, y: 0.0010506439, z: -0.0028067115}
  m_LocalScale: {x: 0.9999982, y: 1.0000018, z: 0.9999998}
  m_Children:
  - {fileID: 4111561606770542}
  m_Father: {fileID: 4361808312465216}
  m_RootOrder: 1
  m_LocalEulerAnglesHint: {x: 0, y: 0, z: 0}
--- !u!4 &4358434903582874
Transform:
  m_ObjectHideFlags: 1
  m_PrefabParentObject: {fileID: 0}
  m_PrefabInternal: {fileID: 100100000}
  m_GameObject: {fileID: 1308894101680522}
  m_LocalRotation: {x: -0.0003676285, y: 0.039899033, z: -0.009235482, w: 0.999161}
  m_LocalPosition: {x: -0.01710307, y: 0.0010507583, z: 0.0028067245}
  m_LocalScale: {x: 1.0000021, y: 0.9999981, z: 0.99999994}
  m_Children:
  - {fileID: 4317645314857454}
  m_Father: {fileID: 4919384873881868}
  m_RootOrder: 1
  m_LocalEulerAnglesHint: {x: 0, y: 0, z: 0}
--- !u!4 &4361808312465216
Transform:
  m_ObjectHideFlags: 1
  m_PrefabParentObject: {fileID: 0}
  m_PrefabInternal: {fileID: 100100000}
  m_GameObject: {fileID: 1191834080823044}
  m_LocalRotation: {x: 0.75607824, y: 0.0522771, z: -0.0098498, w: 0.65231574}
  m_LocalPosition: {x: -0.06915261, y: 0.000000023841856, z: -0.00000022888183}
  m_LocalScale: {x: 0.9999983, y: 1.0000017, z: 0.9999999}
  m_Children:
  - {fileID: 4886461378765160}
  - {fileID: 4350834541026656}
  - {fileID: 4289666060763878}
  - {fileID: 4929588375527890}
  - {fileID: 4645158615509934}
  m_Father: {fileID: 4569592961484500}
  m_RootOrder: 0
  m_LocalEulerAnglesHint: {x: 99.05499, y: -19.091003, z: -19.250977}
--- !u!4 &4382629960330298
Transform:
  m_ObjectHideFlags: 1
  m_PrefabParentObject: {fileID: 0}
  m_PrefabInternal: {fileID: 100100000}
  m_GameObject: {fileID: 1554159403340802}
  m_LocalRotation: {x: 1.1768364e-14, y: 1.7763568e-15, z: -2.0904814e-29, w: 1}
  m_LocalPosition: {x: -0.023888359, y: 0, z: 0}
  m_LocalScale: {x: 1, y: 1, z: 1}
  m_Children: []
  m_Father: {fileID: 4303397906194692}
  m_RootOrder: 0
  m_LocalEulerAnglesHint: {x: 0, y: 0, z: 0}
--- !u!4 &4391611780981972
Transform:
  m_ObjectHideFlags: 1
  m_PrefabParentObject: {fileID: 0}
  m_PrefabInternal: {fileID: 100100000}
  m_GameObject: {fileID: 1713199624251732}
  m_LocalRotation: {x: 0.0000010703884, y: -0.00000010901905, z: -0.02625383, w: 0.9996553}
  m_LocalPosition: {x: -0.0056449887, y: -0.000000019073486, z: 0.000000009536743}
  m_LocalScale: {x: 0.99999845, y: 1.0000018, z: 0.99999934}
  m_Children:
  - {fileID: 4417388328081750}
  m_Father: {fileID: 4645158615509934}
  m_RootOrder: 0
  m_LocalEulerAnglesHint: {x: 0, y: 0, z: 0}
--- !u!4 &4392206859442994
Transform:
  m_ObjectHideFlags: 1
  m_PrefabParentObject: {fileID: 0}
  m_PrefabInternal: {fileID: 100100000}
  m_GameObject: {fileID: 1041854103913852}
  m_LocalRotation: {x: 0.0000004982667, y: 0.0000005293083, z: -0.022647468, w: 0.9997435}
  m_LocalPosition: {x: -0.0077922246, y: 0.000000019073486, z: 0.000000007152557}
  m_LocalScale: {x: 1.0000021, y: 0.999998, z: 1.0000004}
  m_Children:
  - {fileID: 4160641615795300}
  m_Father: {fileID: 4909209327996050}
  m_RootOrder: 0
  m_LocalEulerAnglesHint: {x: 0, y: 0, z: 0}
--- !u!4 &4417388328081750
Transform:
  m_ObjectHideFlags: 1
  m_PrefabParentObject: {fileID: 0}
  m_PrefabInternal: {fileID: 100100000}
  m_GameObject: {fileID: 1207298008571232}
  m_LocalRotation: {x: 0.0000010509611, y: 0.00000025544475, z: -0.022520382, w: 0.9997464}
  m_LocalPosition: {x: -0.0056448746, y: -0.000000019073486, z: -0.0000000047683715}
  m_LocalScale: {x: 0.9999983, y: 1.0000019, z: 0.9999993}
  m_Children: []
  m_Father: {fileID: 4391611780981972}
  m_RootOrder: 0
  m_LocalEulerAnglesHint: {x: 0, y: 0, z: 0}
--- !u!4 &4442177286521866
Transform:
  m_ObjectHideFlags: 1
  m_PrefabParentObject: {fileID: 0}
  m_PrefabInternal: {fileID: 100100000}
  m_GameObject: {fileID: 1541090861433346}
  m_LocalRotation: {x: 0.000007919671, y: -0.00016701943, z: -0.053835906, w: 0.9985498}
  m_LocalPosition: {x: -0.0076100156, y: 0, z: 0}
  m_LocalScale: {x: 1.0000008, y: 0.99999726, z: 1.0000021}
  m_Children: []
  m_Father: {fileID: 4889357030900176}
  m_RootOrder: 0
  m_LocalEulerAnglesHint: {x: 0, y: 0, z: 0}
--- !u!4 &4457809035196782
Transform:
  m_ObjectHideFlags: 1
  m_PrefabParentObject: {fileID: 0}
  m_PrefabInternal: {fileID: 100100000}
  m_GameObject: {fileID: 1504001787151718}
  m_LocalRotation: {x: 0.010957308, y: 0.79446596, z: 0.026394757, w: 0.606636}
  m_LocalPosition: {x: 0.012160893, y: 0.013618815, z: 0.024469752}
  m_LocalScale: {x: 1, y: 1, z: 0.99999994}
  m_Children:
  - {fileID: 4319673369333604}
  m_Father: {fileID: 4995582309448074}
  m_RootOrder: 1
  m_LocalEulerAnglesHint: {x: 0, y: 0, z: 0}
--- !u!4 &4474652978811826
Transform:
  m_ObjectHideFlags: 1
  m_PrefabParentObject: {fileID: 0}
  m_PrefabInternal: {fileID: 100100000}
  m_GameObject: {fileID: 1629627428809798}
  m_LocalRotation: {x: -0.7071068, y: 0, z: -0, w: 0.7071068}
  m_LocalPosition: {x: -0, y: 0, z: -0.035656188}
  m_LocalScale: {x: 1, y: 1, z: 1}
  m_Children: []
  m_Father: {fileID: 4755729562060232}
  m_RootOrder: 0
  m_LocalEulerAnglesHint: {x: 0, y: 0, z: 0}
--- !u!4 &4492575062203174
Transform:
  m_ObjectHideFlags: 1
  m_PrefabParentObject: {fileID: 0}
  m_PrefabInternal: {fileID: 100100000}
  m_GameObject: {fileID: 1886853501476968}
  m_LocalRotation: {x: -0.0000098066475, y: 0.00016575227, z: -0.053835623, w: 0.9985498}
  m_LocalPosition: {x: -0.0076099965, y: 0, z: -0.000000019073486}
  m_LocalScale: {x: 0.99999905, y: 1.000003, z: 0.9999978}
  m_Children: []
  m_Father: {fileID: 4152303792593148}
  m_RootOrder: 0
  m_LocalEulerAnglesHint: {x: 0, y: 0, z: 0}
--- !u!4 &4513298136796840
Transform:
  m_ObjectHideFlags: 1
  m_PrefabParentObject: {fileID: 0}
  m_PrefabInternal: {fileID: 100100000}
  m_GameObject: {fileID: 1822632455987264}
  m_LocalRotation: {x: 0.010761155, y: 0.99941117, z: 0.032440186, w: 0.0030174812}
  m_LocalPosition: {x: 0.020484723, y: 0.01053591, z: 0.034624428}
  m_LocalScale: {x: 1, y: 1.0000001, z: 1}
  m_Children:
  - {fileID: 4638219607471052}
  m_Father: {fileID: 4652449841840040}
  m_RootOrder: 8
  m_LocalEulerAnglesHint: {x: 0, y: 0, z: 0}
--- !u!4 &4559353521790918
Transform:
  m_ObjectHideFlags: 1
  m_PrefabParentObject: {fileID: 0}
  m_PrefabInternal: {fileID: 100100000}
  m_GameObject: {fileID: 1380177735956494}
  m_LocalRotation: {x: 0.16113727, y: 0.7968728, z: 0.5766422, w: -0.080699734}
  m_LocalPosition: {x: -0.013544197, y: 0.0041676736, z: -0.053088136}
  m_LocalScale: {x: 1, y: 1, z: 1}
  m_Children:
  - {fileID: 4994771893708494}
  m_Father: {fileID: 4652449841840040}
  m_RootOrder: 7
  m_LocalEulerAnglesHint: {x: 0, y: 0, z: 0}
--- !u!4 &4569592961484500
Transform:
  m_ObjectHideFlags: 1
  m_PrefabParentObject: {fileID: 0}
  m_PrefabInternal: {fileID: 100100000}
  m_GameObject: {fileID: 1175490103049340}
  m_LocalRotation: {x: -0.039386623, y: -0.5962525, z: -0.10082422, w: 0.795466}
  m_LocalPosition: {x: -0.06716397, y: 0.00000015844125, z: 0.0000027047938}
  m_LocalScale: {x: 0.99999875, y: 1.0000001, z: 1.0000011}
  m_Children:
  - {fileID: 4361808312465216}
  m_Father: {fileID: 4047642098780024}
  m_RootOrder: 0
  m_LocalEulerAnglesHint: {x: -10.538, y: -73.096, z: -6.6260004}
--- !u!4 &4585653864785232
Transform:
  m_ObjectHideFlags: 1
  m_PrefabParentObject: {fileID: 0}
  m_PrefabInternal: {fileID: 100100000}
  m_GameObject: {fileID: 1583453834033778}
  m_LocalRotation: {x: -0.0000002521412, y: -0.000000065519245, z: -0.023594206, w: 0.99972165}
  m_LocalPosition: {x: -0.007419014, y: -0.000000019073486, z: 0}
  m_LocalScale: {x: 0.9999975, y: 1.0000025, z: 0.9999998}
  m_Children: []
  m_Father: {fileID: 4058299691797806}
  m_RootOrder: 0
  m_LocalEulerAnglesHint: {x: 0, y: 0, z: 0}
--- !u!4 &4597152741878904
Transform:
  m_ObjectHideFlags: 1
  m_PrefabParentObject: {fileID: 0}
  m_PrefabInternal: {fileID: 100100000}
  m_GameObject: {fileID: 1614436573853520}
  m_LocalRotation: {x: 0.000004835428, y: 0.000014143138, z: -0.3187927, w: 0.9478245}
  m_LocalPosition: {x: -0.05861404, y: -0.000000019073486, z: 0}
  m_LocalScale: {x: 1, y: 1, z: 1}
  m_Children:
  - {fileID: 4990735927995546}
  m_Father: {fileID: 4319299003588652}
  m_RootOrder: 0
  m_LocalEulerAnglesHint: {x: -1.2700001, y: 0.97700006, z: -51.486004}
--- !u!4 &4634373935592036
Transform:
  m_ObjectHideFlags: 1
  m_PrefabParentObject: {fileID: 0}
  m_PrefabInternal: {fileID: 100100000}
  m_GameObject: {fileID: 1368329737092612}
  m_LocalRotation: {x: 0.0000000691507, y: 0.000000006053619, z: 0.00000032037497,
    w: 1}
  m_LocalPosition: {x: -0.023888329, y: -0.000000019073486, z: 0.0000000023841857}
  m_LocalScale: {x: 1, y: 0.99999994, z: 1}
  m_Children: []
  m_Father: {fileID: 4054532955085284}
  m_RootOrder: 0
  m_LocalEulerAnglesHint: {x: 0, y: 0, z: 0}
--- !u!4 &4638219607471052
Transform:
  m_ObjectHideFlags: 1
  m_PrefabParentObject: {fileID: 0}
  m_PrefabInternal: {fileID: 100100000}
  m_GameObject: {fileID: 1632843097338028}
  m_LocalRotation: {x: -0.0085989, y: 0.0008302323, z: 0.0969275, w: 0.995254}
  m_LocalPosition: {x: -0.058069505, y: 0.00000002324581, z: 0.00000004053116}
  m_LocalScale: {x: 1.0000004, y: 0.9999994, z: 1}
  m_Children:
  - {fileID: 4938104750371818}
  m_Father: {fileID: 4513298136796840}
  m_RootOrder: 0
  m_LocalEulerAnglesHint: {x: 0, y: 0, z: 0}
--- !u!4 &4645158615509934
Transform:
  m_ObjectHideFlags: 1
  m_PrefabParentObject: {fileID: 0}
  m_PrefabInternal: {fileID: 100100000}
  m_GameObject: {fileID: 1290364082562728}
  m_LocalRotation: {x: -0.009262113, y: -0.009747779, z: -0.025613219, w: 0.9995816}
  m_LocalPosition: {x: -0.01763895, y: 0.0004799652, z: 0.010694084}
  m_LocalScale: {x: 0.9999988, y: 1.0000017, z: 0.99999934}
  m_Children:
  - {fileID: 4391611780981972}
  m_Father: {fileID: 4361808312465216}
  m_RootOrder: 4
  m_LocalEulerAnglesHint: {x: 0, y: 0, z: 0}
--- !u!4 &4645478283371036
Transform:
  m_ObjectHideFlags: 1
  m_PrefabParentObject: {fileID: 0}
  m_PrefabInternal: {fileID: 100100000}
  m_GameObject: {fileID: 1751019013483116}
  m_LocalRotation: {x: 0.11378929, y: 0.367245, z: 0.91816545, w: -0.09568368}
  m_LocalPosition: {x: -0.008041382, y: 0.04422002, z: -0.043032337}
  m_LocalScale: {x: 1, y: 1, z: 1}
  m_Children:
  - {fileID: 4971811530434156}
  m_Father: {fileID: 4652449841840040}
  m_RootOrder: 6
  m_LocalEulerAnglesHint: {x: 0, y: 0, z: 0}
--- !u!4 &4652449841840040
Transform:
  m_ObjectHideFlags: 1
  m_PrefabParentObject: {fileID: 0}
  m_PrefabInternal: {fileID: 100100000}
  m_GameObject: {fileID: 1152239650912568}
  m_LocalRotation: {x: 0.50000006, y: -0.50000006, z: -0.49999994, w: 0.49999994}
  m_LocalPosition: {x: 0.000000008705048, y: 0.16122526, z: -0.006077981}
  m_LocalScale: {x: 0.99999994, y: 0.99999994, z: 0.99999994}
  m_Children:
  - {fileID: 4880057131727064}
  - {fileID: 4303397906194692}
  - {fileID: 4926111979116026}
  - {fileID: 4264664574090874}
  - {fileID: 4054532955085284}
  - {fileID: 4048777308383082}
  - {fileID: 4645478283371036}
  - {fileID: 4559353521790918}
  - {fileID: 4513298136796840}
  - {fileID: 4990851133236666}
  m_Father: {fileID: 4755729562060232}
  m_RootOrder: 4
  m_LocalEulerAnglesHint: {x: 0, y: 0, z: 0}
--- !u!4 &4660132644129394
Transform:
  m_ObjectHideFlags: 1
  m_PrefabParentObject: {fileID: 0}
  m_PrefabInternal: {fileID: 100100000}
  m_GameObject: {fileID: 1052320595263322}
  m_LocalRotation: {x: -0.00000007741619, y: -0.0000000032596532, z: 0.0000003129244,
    w: 1}
  m_LocalPosition: {x: -0.023888329, y: -0.000000014305114, z: 0}
  m_LocalScale: {x: 1, y: 0.99999994, z: 0.99999994}
  m_Children: []
  m_Father: {fileID: 4048777308383082}
  m_RootOrder: 0
  m_LocalEulerAnglesHint: {x: 0, y: 0, z: 0}
--- !u!4 &4707722446206184
Transform:
  m_ObjectHideFlags: 1
  m_PrefabParentObject: {fileID: 0}
  m_PrefabInternal: {fileID: 100100000}
  m_GameObject: {fileID: 1462234849381438}
  m_LocalRotation: {x: 0.000000055879358, y: 0.00000012665987, z: -0.00000007450582,
    w: 1}
  m_LocalPosition: {x: -0.02388834, y: 0, z: 0.000000009536743}
  m_LocalScale: {x: 0.99999994, y: 1.0000001, z: 0.99999994}
  m_Children: []
  m_Father: {fileID: 4926111979116026}
  m_RootOrder: 0
  m_LocalEulerAnglesHint: {x: 0, y: 0, z: 0}
--- !u!4 &4719484939973066
Transform:
  m_ObjectHideFlags: 1
  m_PrefabParentObject: {fileID: 0}
  m_PrefabInternal: {fileID: 100100000}
  m_GameObject: {fileID: 1798305770649152}
  m_LocalRotation: {x: 0.0014843643, y: 0.1547705, z: 0.00672891, w: 0.9879265}
  m_LocalPosition: {x: -0.01661252, y: 0.0010323905, z: 0.009811231}
  m_LocalScale: {x: 1.0000018, y: 0.99999845, z: 1}
  m_Children:
  - {fileID: 4805238072253778}
  m_Father: {fileID: 4919384873881868}
  m_RootOrder: 3
  m_LocalEulerAnglesHint: {x: 0, y: 0, z: 0}
--- !u!4 &4746655181968034
Transform:
  m_ObjectHideFlags: 1
  m_PrefabParentObject: {fileID: 0}
  m_PrefabInternal: {fileID: 100100000}
  m_GameObject: {fileID: 1730491986072646}
  m_LocalRotation: {x: 0.032527518, y: 0.6148301, z: -0.124982625, w: 0.77801365}
  m_LocalPosition: {x: -0.067181684, y: -0.000000020256266, z: -0.0000035790727}
  m_LocalScale: {x: 1.0000013, y: 0.9999999, z: 0.9999989}
  m_Children:
  - {fileID: 4919384873881868}
  m_Father: {fileID: 4319673369333604}
  m_RootOrder: 0
  m_LocalEulerAnglesHint: {x: 11.7890005, y: 75.69601, z: -9.080001}
--- !u!4 &4755729562060232
Transform:
  m_ObjectHideFlags: 1
  m_PrefabParentObject: {fileID: 0}
  m_PrefabInternal: {fileID: 100100000}
  m_GameObject: {fileID: 1318571377787508}
  m_LocalRotation: {x: 0, y: 0, z: 0, w: 1}
  m_LocalPosition: {x: 0, y: 0, z: 0}
  m_LocalScale: {x: 1, y: 1, z: 1}
  m_Children:
  - {fileID: 4474652978811826}
  - {fileID: 4926679874814308}
  - {fileID: 4829803112343166}
  - {fileID: 4150286843546982}
  - {fileID: 4652449841840040}
  m_Father: {fileID: 0}
  m_RootOrder: 0
  m_LocalEulerAnglesHint: {x: 0, y: 0, z: 0}
--- !u!4 &4781046678797016
Transform:
  m_ObjectHideFlags: 1
  m_PrefabParentObject: {fileID: 0}
  m_PrefabInternal: {fileID: 100100000}
  m_GameObject: {fileID: 1355997226882594}
  m_LocalRotation: {x: 0.009263336, y: 0.009744051, z: -0.025612716, w: 0.9995816}
  m_LocalPosition: {x: -0.017638998, y: 0.0004800415, z: -0.0106940735}
  m_LocalScale: {x: 1.0000014, y: 0.9999982, z: 1.0000007}
  m_Children:
  - {fileID: 4799386833620158}
  m_Father: {fileID: 4919384873881868}
  m_RootOrder: 4
  m_LocalEulerAnglesHint: {x: 0, y: 0, z: 0}
--- !u!4 &4799386833620158
Transform:
  m_ObjectHideFlags: 1
  m_PrefabParentObject: {fileID: 0}
  m_PrefabInternal: {fileID: 100100000}
  m_GameObject: {fileID: 1136577494967870}
  m_LocalRotation: {x: 0.00000080545016, y: 0.0000010834813, z: -0.02625607, w: 0.99965525}
  m_LocalPosition: {x: -0.005645008, y: 0.000000019073486, z: 0.0000000047683715}
  m_LocalScale: {x: 1.0000017, y: 0.99999803, z: 1.0000007}
  m_Children:
  - {fileID: 4123335135777756}
  m_Father: {fileID: 4781046678797016}
  m_RootOrder: 0
  m_LocalEulerAnglesHint: {x: 0, y: 0, z: 0}
--- !u!4 &4805238072253778
Transform:
  m_ObjectHideFlags: 1
  m_PrefabParentObject: {fileID: 0}
  m_PrefabInternal: {fileID: 100100000}
  m_GameObject: {fileID: 1787090289379886}
  m_LocalRotation: {x: -0.00000008894128, y: -0.00000019371502, z: -0.04096526, w: 0.99916065}
  m_LocalPosition: {x: -0.007419071, y: 0.000000019073486, z: 0}
  m_LocalScale: {x: 1.0000025, y: 0.9999978, z: 1}
  m_Children:
  - {fileID: 4977310850041342}
  m_Father: {fileID: 4719484939973066}
  m_RootOrder: 0
  m_LocalEulerAnglesHint: {x: 0, y: 0, z: 0}
--- !u!4 &4829803112343166
Transform:
  m_ObjectHideFlags: 1
  m_PrefabParentObject: {fileID: 0}
  m_PrefabInternal: {fileID: 100100000}
  m_GameObject: {fileID: 1260736880873428}
  m_LocalRotation: {x: 0.50000006, y: -0.50000006, z: -0.49999994, w: 0.49999994}
  m_LocalPosition: {x: -0.035180755, y: -3.133198e-10, z: 0.00058278115}
  m_LocalScale: {x: 0.99999994, y: 0.99999994, z: 0.99999994}
  m_Children: []
  m_Father: {fileID: 4755729562060232}
  m_RootOrder: 2
  m_LocalEulerAnglesHint: {x: 0, y: 0, z: 0}
--- !u!4 &4880057131727064
Transform:
  m_ObjectHideFlags: 1
  m_PrefabParentObject: {fileID: 0}
  m_PrefabInternal: {fileID: 100100000}
  m_GameObject: {fileID: 1499628975143266}
  m_LocalRotation: {x: 0.00000023180728, y: -0.00000008861622, z: 0.0012145853, w: 0.9999993}
  m_LocalPosition: {x: -0.022393435, y: 0.011703318, z: -0.0000000029810405}
  m_LocalScale: {x: 1.0000004, y: 1.0000004, z: 1}
  m_Children:
  - {fileID: 4963269442388162}
  m_Father: {fileID: 4652449841840040}
  m_RootOrder: 0
  m_LocalEulerAnglesHint: {x: 0, y: 0, z: 0}
--- !u!4 &4886461378765160
Transform:
  m_ObjectHideFlags: 1
  m_PrefabParentObject: {fileID: 0}
  m_PrefabInternal: {fileID: 100100000}
  m_GameObject: {fileID: 1286023287740648}
  m_LocalRotation: {x: -0.031547688, y: -0.5931503, z: -0.07838339, w: 0.80064565}
  m_LocalPosition: {x: -0.0026694487, y: -0.0034822081, z: -0.0013833751}
  m_LocalScale: {x: 0.99999934, y: 1.0000026, z: 0.99999785}
  m_Children:
  - {fileID: 4152303792593148}
  m_Father: {fileID: 4361808312465216}
  m_RootOrder: 0
  m_LocalEulerAnglesHint: {x: 0, y: 0, z: 0}
--- !u!4 &4889357030900176
Transform:
  m_ObjectHideFlags: 1
  m_PrefabParentObject: {fileID: 0}
  m_PrefabInternal: {fileID: 100100000}
  m_GameObject: {fileID: 1474675997328170}
  m_LocalRotation: {x: -0.0050514024, y: -0.09361997, z: -0.0051509887, w: 0.9955819}
  m_LocalPosition: {x: -0.0142111825, y: 0, z: 0}
  m_LocalScale: {x: 1.0000008, y: 0.99999726, z: 1.0000023}
  m_Children:
  - {fileID: 4442177286521866}
  m_Father: {fileID: 4155969463104298}
  m_RootOrder: 0
  m_LocalEulerAnglesHint: {x: 0, y: 0, z: 0}
--- !u!4 &4909209327996050
Transform:
  m_ObjectHideFlags: 1
  m_PrefabParentObject: {fileID: 0}
  m_PrefabInternal: {fileID: 100100000}
  m_GameObject: {fileID: 1305780402335162}
  m_LocalRotation: {x: 0.003528893, y: 0.0036908407, z: -0.022461595, w: 0.9997347}
  m_LocalPosition: {x: -0.016985692, y: 0.00092012406, z: -0.003480969}
  m_LocalScale: {x: 1.0000019, y: 0.9999982, z: 1.0000002}
  m_Children:
  - {fileID: 4392206859442994}
  m_Father: {fileID: 4919384873881868}
  m_RootOrder: 2
  m_LocalEulerAnglesHint: {x: 0, y: 0, z: 0}
--- !u!4 &4919384873881868
Transform:
  m_ObjectHideFlags: 1
  m_PrefabParentObject: {fileID: 0}
  m_PrefabInternal: {fileID: 100100000}
  m_GameObject: {fileID: 1935480010922470}
  m_LocalRotation: {x: -0.7560784, y: -0.05227916, z: -0.00985207, w: 0.6523153}
  m_LocalPosition: {x: -0.06915279, y: -0.000000019073486, z: -0.00000020980835}
  m_LocalScale: {x: 1.0000019, y: 0.9999983, z: 1.0000001}
  m_Children:
  - {fileID: 4155969463104298}
  - {fileID: 4358434903582874}
  - {fileID: 4909209327996050}
  - {fileID: 4719484939973066}
  - {fileID: 4781046678797016}
  m_Father: {fileID: 4746655181968034}
  m_RootOrder: 0
  m_LocalEulerAnglesHint: {x: 0, y: 0, z: 0}
--- !u!4 &4926111979116026
Transform:
  m_ObjectHideFlags: 1
  m_PrefabParentObject: {fileID: 0}
  m_PrefabInternal: {fileID: 100100000}
  m_GameObject: {fileID: 1203872163196440}
  m_LocalRotation: {x: -0.11378939, y: -0.36724496, z: 0.9181655, w: -0.09568357}
  m_LocalPosition: {x: -0.0080414, y: 0.044220023, z: 0.043032344}
  m_LocalScale: {x: 1, y: 1, z: 1}
  m_Children:
  - {fileID: 4707722446206184}
  m_Father: {fileID: 4652449841840040}
  m_RootOrder: 2
  m_LocalEulerAnglesHint: {x: 0, y: 0, z: 0}
--- !u!4 &4926679874814308
Transform:
  m_ObjectHideFlags: 1
  m_PrefabParentObject: {fileID: 0}
  m_PrefabInternal: {fileID: 100100000}
  m_GameObject: {fileID: 1823898723695270}
  m_LocalRotation: {x: 0.50000006, y: -0.50000006, z: -0.49999994, w: 0.49999994}
  m_LocalPosition: {x: -0, y: 0, z: 0}
  m_LocalScale: {x: 0.99999994, y: 0.99999994, z: 0.99999994}
  m_Children: []
  m_Father: {fileID: 4755729562060232}
  m_RootOrder: 1
  m_LocalEulerAnglesHint: {x: 0, y: 0, z: 0}
--- !u!4 &4929588375527890
Transform:
  m_ObjectHideFlags: 1
  m_PrefabParentObject: {fileID: 0}
  m_PrefabInternal: {fileID: 100100000}
  m_GameObject: {fileID: 1552686289804074}
  m_LocalRotation: {x: -0.0014831423, y: -0.15476906, z: 0.006731182, w: 0.98792666}
  m_LocalPosition: {x: -0.016612453, y: 0.0010322761, z: -0.009811215}
  m_LocalScale: {x: 0.9999984, y: 1.0000015, z: 0.9999999}
  m_Children:
  - {fileID: 4058299691797806}
  m_Father: {fileID: 4361808312465216}
  m_RootOrder: 3
  m_LocalEulerAnglesHint: {x: 0, y: 0, z: 0}
--- !u!4 &4938104750371818
Transform:
  m_ObjectHideFlags: 1
  m_PrefabParentObject: {fileID: 0}
  m_PrefabInternal: {fileID: 100100000}
  m_GameObject: {fileID: 1817201349202956}
  m_LocalRotation: {x: 0.031620946, y: 0.006768052, z: -0.48051563, w: 0.8763898}
  m_LocalPosition: {x: -0.060514193, y: -0.0000000023841857, z: 0.0000000023841857}
  m_LocalScale: {x: 0.9999976, y: 1.0000027, z: 0.9999996}
  m_Children:
  - {fileID: 4310954485878888}
  m_Father: {fileID: 4638219607471052}
  m_RootOrder: 0
  m_LocalEulerAnglesHint: {x: 0, y: 0, z: 0}
--- !u!4 &4963269442388162
Transform:
  m_ObjectHideFlags: 1
  m_PrefabParentObject: {fileID: 0}
  m_PrefabInternal: {fileID: 100100000}
  m_GameObject: {fileID: 1791592314877022}
  m_LocalRotation: {x: 0.0000014157549, y: 0.00000028508816, z: 0.002969427, w: 0.9999956}
  m_LocalPosition: {x: -0.03304121, y: 5.9604643e-10, z: -2.2737367e-15}
  m_LocalScale: {x: 1.0000001, y: 1.0000002, z: 1}
  m_Children:
  - {fileID: 4193080735151426}
  m_Father: {fileID: 4880057131727064}
  m_RootOrder: 0
  m_LocalEulerAnglesHint: {x: 0, y: 0, z: 0}
--- !u!4 &4971811530434156
Transform:
  m_ObjectHideFlags: 1
  m_PrefabParentObject: {fileID: 0}
  m_PrefabInternal: {fileID: 100100000}
  m_GameObject: {fileID: 1169237827693272}
  m_LocalRotation: {x: 0.000000022351733, y: 0.000000111758716, z: 0.00000008940697,
    w: 1}
  m_LocalPosition: {x: -0.02388835, y: -0.000000009536743, z: 0.0000000047683715}
  m_LocalScale: {x: 1, y: 1, z: 1.0000001}
  m_Children: []
  m_Father: {fileID: 4645478283371036}
  m_RootOrder: 0
  m_LocalEulerAnglesHint: {x: 0, y: 0, z: 0}
--- !u!4 &4977310850041342
Transform:
  m_ObjectHideFlags: 1
  m_PrefabParentObject: {fileID: 0}
  m_PrefabInternal: {fileID: 100100000}
  m_GameObject: {fileID: 1056244851719206}
  m_LocalRotation: {x: -0.00000011743072, y: -0.00000025871097, z: -0.023596626, w: 0.9997216}
  m_LocalPosition: {x: -0.007419014, y: 0.000000038146972, z: 0}
  m_LocalScale: {x: 1.0000027, y: 0.99999756, z: 0.99999994}
  m_Children: []
  m_Father: {fileID: 4805238072253778}
  m_RootOrder: 0
  m_LocalEulerAnglesHint: {x: 0, y: 0, z: 0}
--- !u!4 &4990735927995546
Transform:
  m_ObjectHideFlags: 1
  m_PrefabParentObject: {fileID: 0}
  m_PrefabInternal: {fileID: 100100000}
  m_GameObject: {fileID: 1568216775923202}
  m_LocalRotation: {x: 2.162214e-21, y: 0, z: -0, w: 1}
  m_LocalPosition: {x: 0.3632403, y: -0.0013629603, z: 0.0000018185019}
  m_LocalScale: {x: 1, y: 1, z: 1}
  m_Children: []
  m_Father: {fileID: 4597152741878904}
  m_RootOrder: 0
  m_LocalEulerAnglesHint: {x: 0, y: 0, z: 0}
--- !u!4 &4990851133236666
Transform:
  m_ObjectHideFlags: 1
  m_PrefabParentObject: {fileID: 0}
  m_PrefabInternal: {fileID: 100100000}
  m_GameObject: {fileID: 1425353398040266}
  m_LocalRotation: {x: 0.010764327, y: 0.9994112, z: -0.032437637, w: -0.003030747}
  m_LocalPosition: {x: 0.020484723, y: 0.01053591, z: -0.034624424}
  m_LocalScale: {x: 0.99999994, y: 1, z: 1}
  m_Children:
  - {fileID: 4173944177800844}
  m_Father: {fileID: 4652449841840040}
  m_RootOrder: 9
  m_LocalEulerAnglesHint: {x: 2.463, y: -179.61201, z: 1.238}
--- !u!4 &4994771893708494
Transform:
  m_ObjectHideFlags: 1
  m_PrefabParentObject: {fileID: 0}
  m_PrefabInternal: {fileID: 100100000}
  m_GameObject: {fileID: 1849192550359114}
  m_LocalRotation: {x: -0.000000199303, y: 0.000000020489038, z: 0.00000029802325,
    w: 1}
  m_LocalPosition: {x: -0.02388834, y: -0.000000009536743, z: 0.000000002980232}
  m_LocalScale: {x: 1, y: 1.0000001, z: 1}
  m_Children: []
  m_Father: {fileID: 4559353521790918}
  m_RootOrder: 0
  m_LocalEulerAnglesHint: {x: 0, y: 0, z: 0}
--- !u!4 &4995582309448074
Transform:
  m_ObjectHideFlags: 1
  m_PrefabParentObject: {fileID: 0}
  m_PrefabInternal: {fileID: 100100000}
  m_GameObject: {fileID: 1434192771666590}
  m_LocalRotation: {x: 0.000000115948716, y: 0.00000027250158, z: -0.12539527, w: 0.99210685}
  m_LocalPosition: {x: -0.059466038, y: 0.0000000047683715, z: 9.094947e-15}
  m_LocalScale: {x: 0.9999994, y: 0.9999991, z: 1}
  m_Children:
  - {fileID: 4165433504303556}
  - {fileID: 4457809035196782}
  - {fileID: 4009013942417074}
  m_Father: {fileID: 4193080735151426}
  m_RootOrder: 0
  m_LocalEulerAnglesHint: {x: 0, y: 0, z: 0}
--- !u!95 &95700269433109746
Animator:
  serializedVersion: 3
  m_ObjectHideFlags: 1
  m_PrefabParentObject: {fileID: 0}
  m_PrefabInternal: {fileID: 100100000}
  m_GameObject: {fileID: 1318571377787508}
  m_Enabled: 1
  m_Avatar: {fileID: 9000000, guid: 04a5562f650d1e345b93a5a81204698f, type: 3}
  m_Controller: {fileID: 0}
  m_CullingMode: 1
  m_UpdateMode: 0
  m_ApplyRootMotion: 1
  m_LinearVelocityBlending: 0
  m_WarningMessage: 
  m_HasTransformHierarchy: 1
  m_AllowConstantClipSamplingOptimization: 1
--- !u!137 &137505744350320396
SkinnedMeshRenderer:
  m_ObjectHideFlags: 1
  m_PrefabParentObject: {fileID: 0}
  m_PrefabInternal: {fileID: 100100000}
  m_GameObject: {fileID: 1568216775923202}
  m_Enabled: 1
  m_CastShadows: 1
  m_ReceiveShadows: 1
  m_MotionVectors: 1
  m_LightProbeUsage: 1
  m_ReflectionProbeUsage: 1
  m_Materials:
  - {fileID: 2100000, guid: 19a825ae9b80ecd4bb2f445db66e27fe, type: 2}
  m_StaticBatchInfo:
    firstSubMesh: 0
    subMeshCount: 0
  m_StaticBatchRoot: {fileID: 0}
  m_ProbeAnchor: {fileID: 0}
  m_LightProbeVolumeOverride: {fileID: 0}
  m_ScaleInLightmap: 1
  m_PreserveUVs: 0
  m_IgnoreNormalsForChartDetection: 0
  m_ImportantGI: 0
  m_SelectedEditorRenderState: 3
  m_MinimumChartSize: 4
  m_AutoUVMaxDistance: 0.5
  m_AutoUVMaxAngle: 89
  m_LightmapParameters: {fileID: 0}
  m_SortingLayerID: 0
  m_SortingLayer: 0
  m_SortingOrder: 0
  serializedVersion: 2
  m_Quality: 0
  m_UpdateWhenOffscreen: 0
  m_SkinnedMotionVectors: 1
  m_Mesh: {fileID: 4300002, guid: 04a5562f650d1e345b93a5a81204698f, type: 3}
  m_Bones:
  - {fileID: 4597152741878904}
  m_BlendShapeWeights: []
  m_RootBone: {fileID: 4597152741878904}
  m_AABB:
    m_Center: {x: -0.10253752, y: -0.002272457, z: 0.0000018179417}
    m_Extent: {x: 0.2032485, y: 0.17725477, z: 0.17404757}
  m_DirtyAABB: 0
--- !u!137 &137953454105799838
SkinnedMeshRenderer:
  m_ObjectHideFlags: 1
  m_PrefabParentObject: {fileID: 0}
  m_PrefabInternal: {fileID: 100100000}
  m_GameObject: {fileID: 1629627428809798}
  m_Enabled: 1
  m_CastShadows: 1
  m_ReceiveShadows: 1
  m_MotionVectors: 1
  m_LightProbeUsage: 1
  m_ReflectionProbeUsage: 1
  m_Materials:
  - {fileID: 2100000, guid: 19a825ae9b80ecd4bb2f445db66e27fe, type: 2}
  m_StaticBatchInfo:
    firstSubMesh: 0
    subMeshCount: 0
  m_StaticBatchRoot: {fileID: 0}
  m_ProbeAnchor: {fileID: 0}
  m_LightProbeVolumeOverride: {fileID: 0}
  m_ScaleInLightmap: 1
  m_PreserveUVs: 0
  m_IgnoreNormalsForChartDetection: 0
  m_ImportantGI: 0
  m_SelectedEditorRenderState: 3
  m_MinimumChartSize: 4
  m_AutoUVMaxDistance: 0.5
  m_AutoUVMaxAngle: 89
  m_LightmapParameters: {fileID: 0}
  m_SortingLayerID: 0
  m_SortingLayer: 0
  m_SortingOrder: 0
  serializedVersion: 2
  m_Quality: 0
  m_UpdateWhenOffscreen: 0
  m_SkinnedMotionVectors: 1
  m_Mesh: {fileID: 4300000, guid: 04a5562f650d1e345b93a5a81204698f, type: 3}
  m_Bones:
  - {fileID: 4995582309448074}
  - {fileID: 4165433504303556}
  - {fileID: 4963269442388162}
  - {fileID: 4457809035196782}
  - {fileID: 4880057131727064}
  - {fileID: 4303397906194692}
  - {fileID: 4926111979116026}
  - {fileID: 4652449841840040}
  - {fileID: 4264664574090874}
  - {fileID: 4319673369333604}
  - {fileID: 4054532955085284}
  - {fileID: 4048777308383082}
  - {fileID: 4746655181968034}
  - {fileID: 4382629960330298}
  - {fileID: 4707722446206184}
  - {fileID: 4634373935592036}
  - {fileID: 4660132644129394}
  - {fileID: 4059964673526006}
  - {fileID: 4597152741878904}
  - {fileID: 4009013942417074}
  - {fileID: 4645478283371036}
  - {fileID: 4559353521790918}
  - {fileID: 4047642098780024}
  - {fileID: 4569592961484500}
  - {fileID: 4971811530434156}
  - {fileID: 4994771893708494}
  - {fileID: 4155969463104298}
  - {fileID: 4919384873881868}
  - {fileID: 4358434903582874}
  - {fileID: 4909209327996050}
  - {fileID: 4392206859442994}
  - {fileID: 4317645314857454}
  - {fileID: 4719484939973066}
  - {fileID: 4805238072253778}
  - {fileID: 4781046678797016}
  - {fileID: 4889357030900176}
  - {fileID: 4799386833620158}
  - {fileID: 4123335135777756}
  - {fileID: 4160641615795300}
  - {fileID: 4265160822546874}
  - {fileID: 4977310850041342}
  - {fileID: 4442177286521866}
  - {fileID: 4886461378765160}
  - {fileID: 4361808312465216}
  - {fileID: 4350834541026656}
  - {fileID: 4289666060763878}
  - {fileID: 4068040000465180}
  - {fileID: 4111561606770542}
  - {fileID: 4929588375527890}
  - {fileID: 4058299691797806}
  - {fileID: 4645158615509934}
  - {fileID: 4152303792593148}
  - {fileID: 4391611780981972}
  - {fileID: 4417388328081750}
  - {fileID: 4060226564254844}
  - {fileID: 4215279562812420}
  - {fileID: 4585653864785232}
  - {fileID: 4492575062203174}
  - {fileID: 4513298136796840}
  - {fileID: 4638219607471052}
  - {fileID: 4990851133236666}
  - {fileID: 4938104750371818}
  - {fileID: 4310954485878888}
  - {fileID: 4173944177800844}
  - {fileID: 4276125638318854}
  - {fileID: 4218245705392916}
  m_BlendShapeWeights: []
  m_RootBone: {fileID: 4652449841840040}
  m_AABB:
    m_Center: {x: -0.14037108, y: -0.03470063, z: -0.000000044703484}
    m_Extent: {x: 0.32522148, y: 0.15276602, z: 0.2235092}
  m_DirtyAABB: 0
