%YAML 1.1
%TAG !u! tag:unity3d.com,2011:
--- !u!1001 &100100000
Prefab:
  m_ObjectHideFlags: 1
  serializedVersion: 2
  m_Modification:
    m_TransformParent: {fileID: 0}
    m_Modifications: []
    m_RemovedComponents: []
  m_ParentPrefab: {fileID: 0}
  m_RootGameObject: {fileID: 1082180012099918}
  m_IsPrefabParent: 1
--- !u!1 &1004098219186736
GameObject:
  m_ObjectHideFlags: 1
  m_PrefabParentObject: {fileID: 0}
  m_PrefabInternal: {fileID: 100100000}
  serializedVersion: 5
  m_Component:
  - component: {fileID: 4838537361443364}
  m_Layer: 0
  m_Name: Base HumanSkirt8
  m_TagString: Untagged
  m_Icon: {fileID: 0}
  m_NavMeshLayer: 0
  m_StaticEditorFlags: 0
  m_IsActive: 1
--- !u!1 &1049752318068190
GameObject:
  m_ObjectHideFlags: 1
  m_PrefabParentObject: {fileID: 0}
  m_PrefabInternal: {fileID: 100100000}
  serializedVersion: 5
  m_Component:
  - component: {fileID: 4253953581700802}
  m_Layer: 0
  m_Name: Base HumanRDigit33
  m_TagString: Untagged
  m_Icon: {fileID: 0}
  m_NavMeshLayer: 0
  m_StaticEditorFlags: 0
  m_IsActive: 1
--- !u!1 &1050892388534124
GameObject:
  m_ObjectHideFlags: 1
  m_PrefabParentObject: {fileID: 0}
  m_PrefabInternal: {fileID: 100100000}
  serializedVersion: 5
  m_Component:
  - component: {fileID: 4390367420560430}
  m_Layer: 0
  m_Name: Base HumanRFoot
  m_TagString: Untagged
  m_Icon: {fileID: 0}
  m_NavMeshLayer: 0
  m_StaticEditorFlags: 0
  m_IsActive: 1
--- !u!1 &1061024996557192
GameObject:
  m_ObjectHideFlags: 1
  m_PrefabParentObject: {fileID: 0}
  m_PrefabInternal: {fileID: 100100000}
  serializedVersion: 5
  m_Component:
  - component: {fileID: 4492884013899908}
  m_Layer: 0
  m_Name: Base HumanSkirt9
  m_TagString: Untagged
  m_Icon: {fileID: 0}
  m_NavMeshLayer: 0
  m_StaticEditorFlags: 0
  m_IsActive: 1
--- !u!1 &1062996313528930
GameObject:
  m_ObjectHideFlags: 1
  m_PrefabParentObject: {fileID: 0}
  m_PrefabInternal: {fileID: 100100000}
  serializedVersion: 5
  m_Component:
  - component: {fileID: 4230156357985028}
  m_Layer: 0
  m_Name: Base HumanRDigit43
  m_TagString: Untagged
  m_Icon: {fileID: 0}
  m_NavMeshLayer: 0
  m_StaticEditorFlags: 0
  m_IsActive: 1
--- !u!1 &1076920066977704
GameObject:
  m_ObjectHideFlags: 0
  m_PrefabParentObject: {fileID: 0}
  m_PrefabInternal: {fileID: 100100000}
  serializedVersion: 5
  m_Component:
  - component: {fileID: 4871047927405872}
  m_Layer: 0
  m_Name: Base HumanLPlatform
  m_TagString: Untagged
  m_Icon: {fileID: 0}
  m_NavMeshLayer: 0
  m_StaticEditorFlags: 0
  m_IsActive: 1
--- !u!1 &1082180012099918
GameObject:
  m_ObjectHideFlags: 0
  m_PrefabParentObject: {fileID: 0}
  m_PrefabInternal: {fileID: 100100000}
  serializedVersion: 5
  m_Component:
  - component: {fileID: 4238646636166878}
  - component: {fileID: 95801687470167132}
  m_Layer: 0
  m_Name: AnimeChibi-SchoolPack-Girl1(Clone) 4
  m_TagString: Untagged
  m_Icon: {fileID: 0}
  m_NavMeshLayer: 0
  m_StaticEditorFlags: 0
  m_IsActive: 1
--- !u!1 &1094480692604766
GameObject:
  m_ObjectHideFlags: 1
  m_PrefabParentObject: {fileID: 0}
  m_PrefabInternal: {fileID: 100100000}
  serializedVersion: 5
  m_Component:
  - component: {fileID: 4322694273495570}
  m_Layer: 0
  m_Name: Base HumanSkirt12
  m_TagString: Untagged
  m_Icon: {fileID: 0}
  m_NavMeshLayer: 0
  m_StaticEditorFlags: 0
  m_IsActive: 1
--- !u!1 &1118409290086074
GameObject:
  m_ObjectHideFlags: 1
  m_PrefabParentObject: {fileID: 0}
  m_PrefabInternal: {fileID: 100100000}
  serializedVersion: 5
  m_Component:
  - component: {fileID: 4446792631927316}
  m_Layer: 0
  m_Name: Base HumanRPalm
  m_TagString: Untagged
  m_Icon: {fileID: 0}
  m_NavMeshLayer: 0
  m_StaticEditorFlags: 0
  m_IsActive: 1
--- !u!1 &1132253400733856
GameObject:
  m_ObjectHideFlags: 1
  m_PrefabParentObject: {fileID: 0}
  m_PrefabInternal: {fileID: 100100000}
  serializedVersion: 5
  m_Component:
  - component: {fileID: 4055463703380616}
  m_Layer: 0
  m_Name: Base HumanHair2
  m_TagString: Untagged
  m_Icon: {fileID: 0}
  m_NavMeshLayer: 0
  m_StaticEditorFlags: 0
  m_IsActive: 1
--- !u!1 &1143349636193542
GameObject:
  m_ObjectHideFlags: 1
  m_PrefabParentObject: {fileID: 0}
  m_PrefabInternal: {fileID: 100100000}
  serializedVersion: 5
  m_Component:
  - component: {fileID: 4331220806589298}
  m_Layer: 0
  m_Name: Base HumanLCollarbone
  m_TagString: Untagged
  m_Icon: {fileID: 0}
  m_NavMeshLayer: 0
  m_StaticEditorFlags: 0
  m_IsActive: 1
--- !u!1 &1165028581169040
GameObject:
  m_ObjectHideFlags: 1
  m_PrefabParentObject: {fileID: 0}
  m_PrefabInternal: {fileID: 100100000}
  serializedVersion: 5
  m_Component:
  - component: {fileID: 4670381107746614}
  m_Layer: 0
  m_Name: Base HumanRDigit21
  m_TagString: Untagged
  m_Icon: {fileID: 0}
  m_NavMeshLayer: 0
  m_StaticEditorFlags: 0
  m_IsActive: 1
--- !u!1 &1209878753192460
GameObject:
  m_ObjectHideFlags: 1
  m_PrefabParentObject: {fileID: 0}
  m_PrefabInternal: {fileID: 100100000}
  serializedVersion: 5
  m_Component:
  - component: {fileID: 4492536111017880}
  m_Layer: 0
  m_Name: Base HumanSpine1
  m_TagString: Untagged
  m_Icon: {fileID: 0}
  m_NavMeshLayer: 0
  m_StaticEditorFlags: 0
  m_IsActive: 1
--- !u!1 &1246637594392134
GameObject:
  m_ObjectHideFlags: 1
  m_PrefabParentObject: {fileID: 0}
  m_PrefabInternal: {fileID: 100100000}
  serializedVersion: 5
  m_Component:
  - component: {fileID: 4997333207477968}
  m_Layer: 0
  m_Name: Base HumanLDigit11 1
  m_TagString: Untagged
  m_Icon: {fileID: 0}
  m_NavMeshLayer: 0
  m_StaticEditorFlags: 0
  m_IsActive: 1
--- !u!1 &1253639992736056
GameObject:
  m_ObjectHideFlags: 1
  m_PrefabParentObject: {fileID: 0}
  m_PrefabInternal: {fileID: 100100000}
  serializedVersion: 5
  m_Component:
  - component: {fileID: 4791425771883352}
  m_Layer: 0
  m_Name: Base HumanNeck1
  m_TagString: Untagged
  m_Icon: {fileID: 0}
  m_NavMeshLayer: 0
  m_StaticEditorFlags: 0
  m_IsActive: 1
--- !u!1 &1254716776241284
GameObject:
  m_ObjectHideFlags: 1
  m_PrefabParentObject: {fileID: 0}
  m_PrefabInternal: {fileID: 100100000}
  serializedVersion: 5
  m_Component:
  - component: {fileID: 4888923338229850}
  m_Layer: 0
  m_Name: Base HumanSkirt13
  m_TagString: Untagged
  m_Icon: {fileID: 0}
  m_NavMeshLayer: 0
  m_StaticEditorFlags: 0
  m_IsActive: 1
--- !u!1 &1267528159332126
GameObject:
  m_ObjectHideFlags: 1
  m_PrefabParentObject: {fileID: 0}
  m_PrefabInternal: {fileID: 100100000}
  serializedVersion: 5
  m_Component:
  - component: {fileID: 4731503958187104}
  m_Layer: 0
  m_Name: Base HumanSkirt1
  m_TagString: Untagged
  m_Icon: {fileID: 0}
  m_NavMeshLayer: 0
  m_StaticEditorFlags: 0
  m_IsActive: 1
--- !u!1 &1274577499180102
GameObject:
  m_ObjectHideFlags: 1
  m_PrefabParentObject: {fileID: 0}
  m_PrefabInternal: {fileID: 100100000}
  serializedVersion: 5
  m_Component:
  - component: {fileID: 4261389503099850}
  m_Layer: 0
  m_Name: Base HumanRDigit13
  m_TagString: Untagged
  m_Icon: {fileID: 0}
  m_NavMeshLayer: 0
  m_StaticEditorFlags: 0
  m_IsActive: 1
--- !u!1 &1315379705641864
GameObject:
  m_ObjectHideFlags: 1
  m_PrefabParentObject: {fileID: 0}
  m_PrefabInternal: {fileID: 100100000}
  serializedVersion: 5
  m_Component:
  - component: {fileID: 4196543355805236}
  m_Layer: 0
  m_Name: Base HumanHair7
  m_TagString: Untagged
  m_Icon: {fileID: 0}
  m_NavMeshLayer: 0
  m_StaticEditorFlags: 0
  m_IsActive: 1
--- !u!1 &1322308781411022
GameObject:
  m_ObjectHideFlags: 1
  m_PrefabParentObject: {fileID: 0}
  m_PrefabInternal: {fileID: 100100000}
  serializedVersion: 5
  m_Component:
  - component: {fileID: 4264726765050990}
  m_Layer: 0
  m_Name: Base HumanLDigit21
  m_TagString: Untagged
  m_Icon: {fileID: 0}
  m_NavMeshLayer: 0
  m_StaticEditorFlags: 0
  m_IsActive: 1
--- !u!1 &1325609681929788
GameObject:
  m_ObjectHideFlags: 1
  m_PrefabParentObject: {fileID: 0}
  m_PrefabInternal: {fileID: 100100000}
  serializedVersion: 5
  m_Component:
  - component: {fileID: 4431902822144950}
  m_Layer: 0
  m_Name: Base HumanRDigit23
  m_TagString: Untagged
  m_Icon: {fileID: 0}
  m_NavMeshLayer: 0
  m_StaticEditorFlags: 0
  m_IsActive: 1
--- !u!1 &1361102555233134
GameObject:
  m_ObjectHideFlags: 1
  m_PrefabParentObject: {fileID: 0}
  m_PrefabInternal: {fileID: 100100000}
  serializedVersion: 5
  m_Component:
  - component: {fileID: 4368608858641614}
  m_Layer: 0
  m_Name: Base HumanLDigit52
  m_TagString: Untagged
  m_Icon: {fileID: 0}
  m_NavMeshLayer: 0
  m_StaticEditorFlags: 0
  m_IsActive: 1
--- !u!1 &1373531597452446
GameObject:
  m_ObjectHideFlags: 1
  m_PrefabParentObject: {fileID: 0}
  m_PrefabInternal: {fileID: 100100000}
  serializedVersion: 5
  m_Component:
  - component: {fileID: 4285662838939446}
  m_Layer: 0
  m_Name: Base HumanRDigit52
  m_TagString: Untagged
  m_Icon: {fileID: 0}
  m_NavMeshLayer: 0
  m_StaticEditorFlags: 0
  m_IsActive: 1
--- !u!1 &1378787041120076
GameObject:
  m_ObjectHideFlags: 1
  m_PrefabParentObject: {fileID: 0}
  m_PrefabInternal: {fileID: 100100000}
  serializedVersion: 5
  m_Component:
  - component: {fileID: 4324281808691516}
  m_Layer: 0
  m_Name: Base HumanRUpperarm
  m_TagString: Untagged
  m_Icon: {fileID: 0}
  m_NavMeshLayer: 0
  m_StaticEditorFlags: 0
  m_IsActive: 1
--- !u!1 &1384008562832260
GameObject:
  m_ObjectHideFlags: 1
  m_PrefabParentObject: {fileID: 0}
  m_PrefabInternal: {fileID: 100100000}
  serializedVersion: 5
  m_Component:
  - component: {fileID: 4201759626635766}
  m_Layer: 0
  m_Name: Base HumanRibcage
  m_TagString: Untagged
  m_Icon: {fileID: 0}
  m_NavMeshLayer: 0
  m_StaticEditorFlags: 0
  m_IsActive: 1
--- !u!1 &1394810975082338
GameObject:
  m_ObjectHideFlags: 1
  m_PrefabParentObject: {fileID: 0}
  m_PrefabInternal: {fileID: 100100000}
  serializedVersion: 5
  m_Component:
  - component: {fileID: 4300731202655894}
  m_Layer: 0
  m_Name: Base HumanNeck2-x
  m_TagString: Untagged
  m_Icon: {fileID: 0}
  m_NavMeshLayer: 0
  m_StaticEditorFlags: 0
  m_IsActive: 1
--- !u!1 &1407004347892278
GameObject:
  m_ObjectHideFlags: 1
  m_PrefabParentObject: {fileID: 0}
  m_PrefabInternal: {fileID: 100100000}
  serializedVersion: 5
  m_Component:
  - component: {fileID: 4776968774961238}
  m_Layer: 0
  m_Name: Base HumanLDigit31
  m_TagString: Untagged
  m_Icon: {fileID: 0}
  m_NavMeshLayer: 0
  m_StaticEditorFlags: 0
  m_IsActive: 1
--- !u!1 &1433726120690300
GameObject:
  m_ObjectHideFlags: 1
  m_PrefabParentObject: {fileID: 0}
  m_PrefabInternal: {fileID: 100100000}
  serializedVersion: 5
  m_Component:
  - component: {fileID: 4023797949182818}
  m_Layer: 0
  m_Name: Base HumanRDigit32
  m_TagString: Untagged
  m_Icon: {fileID: 0}
  m_NavMeshLayer: 0
  m_StaticEditorFlags: 0
  m_IsActive: 1
--- !u!1 &1441405456767522
GameObject:
  m_ObjectHideFlags: 1
  m_PrefabParentObject: {fileID: 0}
  m_PrefabInternal: {fileID: 100100000}
  serializedVersion: 5
  m_Component:
  - component: {fileID: 4134437394910172}
  m_Layer: 0
  m_Name: Base HumanSkirt10
  m_TagString: Untagged
  m_Icon: {fileID: 0}
  m_NavMeshLayer: 0
  m_StaticEditorFlags: 0
  m_IsActive: 1
--- !u!1 &1444194889705688
GameObject:
  m_ObjectHideFlags: 1
  m_PrefabParentObject: {fileID: 0}
  m_PrefabInternal: {fileID: 100100000}
  serializedVersion: 5
  m_Component:
  - component: {fileID: 4115704933391388}
  m_Layer: 0
  m_Name: Base HumanLDigit22
  m_TagString: Untagged
  m_Icon: {fileID: 0}
  m_NavMeshLayer: 0
  m_StaticEditorFlags: 0
  m_IsActive: 1
--- !u!1 &1448575572339302
GameObject:
  m_ObjectHideFlags: 1
  m_PrefabParentObject: {fileID: 0}
  m_PrefabInternal: {fileID: 100100000}
  serializedVersion: 5
  m_Component:
  - component: {fileID: 4234832771416098}
  m_Layer: 0
  m_Name: Base HumanLDigit11
  m_TagString: Untagged
  m_Icon: {fileID: 0}
  m_NavMeshLayer: 0
  m_StaticEditorFlags: 0
  m_IsActive: 1
--- !u!1 &1451725433575514
GameObject:
  m_ObjectHideFlags: 1
  m_PrefabParentObject: {fileID: 0}
  m_PrefabInternal: {fileID: 100100000}
  serializedVersion: 5
  m_Component:
  - component: {fileID: 4739010538562794}
  m_Layer: 0
  m_Name: Base HumanRDigit11
  m_TagString: Untagged
  m_Icon: {fileID: 0}
  m_NavMeshLayer: 0
  m_StaticEditorFlags: 0
  m_IsActive: 1
--- !u!1 &1475664471270676
GameObject:
  m_ObjectHideFlags: 1
  m_PrefabParentObject: {fileID: 0}
  m_PrefabInternal: {fileID: 100100000}
  serializedVersion: 5
  m_Component:
  - component: {fileID: 4407096645489938}
  m_Layer: 0
  m_Name: Base HumanHair8
  m_TagString: Untagged
  m_Icon: {fileID: 0}
  m_NavMeshLayer: 0
  m_StaticEditorFlags: 0
  m_IsActive: 1
--- !u!1 &1485208290012804
GameObject:
  m_ObjectHideFlags: 1
  m_PrefabParentObject: {fileID: 0}
  m_PrefabInternal: {fileID: 100100000}
  serializedVersion: 5
  m_Component:
  - component: {fileID: 4849231218563218}
  m_Layer: 0
  m_Name: Base HumanRDigit31
  m_TagString: Untagged
  m_Icon: {fileID: 0}
  m_NavMeshLayer: 0
  m_StaticEditorFlags: 0
  m_IsActive: 1
--- !u!1 &1487041549455656
GameObject:
  m_ObjectHideFlags: 1
  m_PrefabParentObject: {fileID: 0}
  m_PrefabInternal: {fileID: 100100000}
  serializedVersion: 5
  m_Component:
  - component: {fileID: 4133979167592248}
  m_Layer: 0
  m_Name: Base HumanHair6
  m_TagString: Untagged
  m_Icon: {fileID: 0}
  m_NavMeshLayer: 0
  m_StaticEditorFlags: 0
  m_IsActive: 1
--- !u!1 &1491420706509368
GameObject:
  m_ObjectHideFlags: 1
  m_PrefabParentObject: {fileID: 0}
  m_PrefabInternal: {fileID: 100100000}
  serializedVersion: 5
  m_Component:
  - component: {fileID: 4563168810009148}
  m_Layer: 0
  m_Name: Base HumanRDigit22
  m_TagString: Untagged
  m_Icon: {fileID: 0}
  m_NavMeshLayer: 0
  m_StaticEditorFlags: 0
  m_IsActive: 1
--- !u!1 &1498184135741754
GameObject:
  m_ObjectHideFlags: 1
  m_PrefabParentObject: {fileID: 0}
  m_PrefabInternal: {fileID: 100100000}
  serializedVersion: 5
  m_Component:
  - component: {fileID: 4575060029495972}
  m_Layer: 0
  m_Name: Base HumanSkirt7
  m_TagString: Untagged
  m_Icon: {fileID: 0}
  m_NavMeshLayer: 0
  m_StaticEditorFlags: 0
  m_IsActive: 1
--- !u!1 &1498655537503630
GameObject:
  m_ObjectHideFlags: 1
  m_PrefabParentObject: {fileID: 0}
  m_PrefabInternal: {fileID: 100100000}
  serializedVersion: 5
  m_Component:
  - component: {fileID: 4510447894372956}
  m_Layer: 0
  m_Name: Base HumanSkirt4
  m_TagString: Untagged
  m_Icon: {fileID: 0}
  m_NavMeshLayer: 0
  m_StaticEditorFlags: 0
  m_IsActive: 1
--- !u!1 &1498824199156084
GameObject:
  m_ObjectHideFlags: 1
  m_PrefabParentObject: {fileID: 0}
  m_PrefabInternal: {fileID: 100100000}
  serializedVersion: 5
  m_Component:
  - component: {fileID: 4278569404039742}
  m_Layer: 0
  m_Name: Base HumanLDigit41
  m_TagString: Untagged
  m_Icon: {fileID: 0}
  m_NavMeshLayer: 0
  m_StaticEditorFlags: 0
  m_IsActive: 1
--- !u!1 &1499799333448350
GameObject:
  m_ObjectHideFlags: 1
  m_PrefabParentObject: {fileID: 0}
  m_PrefabInternal: {fileID: 100100000}
  serializedVersion: 5
  m_Component:
  - component: {fileID: 4075023852500578}
  m_Layer: 0
  m_Name: Base HumanRDigit41
  m_TagString: Untagged
  m_Icon: {fileID: 0}
  m_NavMeshLayer: 0
  m_StaticEditorFlags: 0
  m_IsActive: 1
--- !u!1 &1504760840798308
GameObject:
  m_ObjectHideFlags: 1
  m_PrefabParentObject: {fileID: 0}
  m_PrefabInternal: {fileID: 100100000}
  serializedVersion: 5
  m_Component:
  - component: {fileID: 4452163724933056}
  m_Layer: 0
  m_Name: Base HumanLDigit42
  m_TagString: Untagged
  m_Icon: {fileID: 0}
  m_NavMeshLayer: 0
  m_StaticEditorFlags: 0
  m_IsActive: 1
--- !u!1 &1517413206272838
GameObject:
  m_ObjectHideFlags: 1
  m_PrefabParentObject: {fileID: 0}
  m_PrefabInternal: {fileID: 100100000}
  serializedVersion: 5
  m_Component:
  - component: {fileID: 4154900731045986}
  m_Layer: 0
  m_Name: Base HumanSkirt14
  m_TagString: Untagged
  m_Icon: {fileID: 0}
  m_NavMeshLayer: 0
  m_StaticEditorFlags: 0
  m_IsActive: 1
--- !u!1 &1528916968840626
GameObject:
  m_ObjectHideFlags: 1
  m_PrefabParentObject: {fileID: 0}
  m_PrefabInternal: {fileID: 100100000}
  serializedVersion: 5
  m_Component:
  - component: {fileID: 4735948743419720}
  m_Layer: 0
  m_Name: Base HumanLFoot
  m_TagString: Untagged
  m_Icon: {fileID: 0}
  m_NavMeshLayer: 0
  m_StaticEditorFlags: 0
  m_IsActive: 1
--- !u!1 &1530990045168838
GameObject:
  m_ObjectHideFlags: 1
  m_PrefabParentObject: {fileID: 0}
  m_PrefabInternal: {fileID: 100100000}
  serializedVersion: 5
  m_Component:
  - component: {fileID: 4525312881902250}
  m_Layer: 0
  m_Name: Base HumanRDigit42
  m_TagString: Untagged
  m_Icon: {fileID: 0}
  m_NavMeshLayer: 0
  m_StaticEditorFlags: 0
  m_IsActive: 1
--- !u!1 &1533586643002972
GameObject:
  m_ObjectHideFlags: 1
  m_PrefabParentObject: {fileID: 0}
  m_PrefabInternal: {fileID: 100100000}
  serializedVersion: 5
  m_Component:
  - component: {fileID: 4742426805658764}
  m_Layer: 0
  m_Name: Base HumanRDigit53
  m_TagString: Untagged
  m_Icon: {fileID: 0}
  m_NavMeshLayer: 0
  m_StaticEditorFlags: 0
  m_IsActive: 1
--- !u!1 &1578528982781512
GameObject:
  m_ObjectHideFlags: 1
  m_PrefabParentObject: {fileID: 0}
  m_PrefabInternal: {fileID: 100100000}
  serializedVersion: 5
  m_Component:
  - component: {fileID: 4533736552516608}
  m_Layer: 0
  m_Name: Base HumanRCalf
  m_TagString: Untagged
  m_Icon: {fileID: 0}
  m_NavMeshLayer: 0
  m_StaticEditorFlags: 0
  m_IsActive: 1
--- !u!1 &1594321122414066
GameObject:
  m_ObjectHideFlags: 1
  m_PrefabParentObject: {fileID: 0}
  m_PrefabInternal: {fileID: 100100000}
  serializedVersion: 5
  m_Component:
  - component: {fileID: 4368712695086082}
  m_Layer: 0
  m_Name: Base HumanRCollarbone
  m_TagString: Untagged
  m_Icon: {fileID: 0}
  m_NavMeshLayer: 0
  m_StaticEditorFlags: 0
  m_IsActive: 1
--- !u!1 &1619125871477452
GameObject:
  m_ObjectHideFlags: 1
  m_PrefabParentObject: {fileID: 0}
  m_PrefabInternal: {fileID: 100100000}
  serializedVersion: 5
  m_Component:
  - component: {fileID: 4723685953792944}
  m_Layer: 0
  m_Name: Base HumanLThigh
  m_TagString: Untagged
  m_Icon: {fileID: 0}
  m_NavMeshLayer: 0
  m_StaticEditorFlags: 0
  m_IsActive: 1
--- !u!1 &1628185261137762
GameObject:
  m_ObjectHideFlags: 1
  m_PrefabParentObject: {fileID: 0}
  m_PrefabInternal: {fileID: 100100000}
  serializedVersion: 5
  m_Component:
  - component: {fileID: 4010814961917954}
  m_Layer: 0
  m_Name: Base HumanLDigit33
  m_TagString: Untagged
  m_Icon: {fileID: 0}
  m_NavMeshLayer: 0
  m_StaticEditorFlags: 0
  m_IsActive: 1
--- !u!1 &1631803391978806
GameObject:
  m_ObjectHideFlags: 1
  m_PrefabParentObject: {fileID: 0}
  m_PrefabInternal: {fileID: 100100000}
  serializedVersion: 5
  m_Component:
  - component: {fileID: 4212504327661490}
  m_Layer: 0
  m_Name: Base HumanLForearm
  m_TagString: Untagged
  m_Icon: {fileID: 0}
  m_NavMeshLayer: 0
  m_StaticEditorFlags: 0
  m_IsActive: 1
--- !u!1 &1633286614887214
GameObject:
  m_ObjectHideFlags: 1
  m_PrefabParentObject: {fileID: 0}
  m_PrefabInternal: {fileID: 100100000}
  serializedVersion: 5
  m_Component:
  - component: {fileID: 4403526755333430}
  m_Layer: 0
  m_Name: Base HumanRDigit11 1
  m_TagString: Untagged
  m_Icon: {fileID: 0}
  m_NavMeshLayer: 0
  m_StaticEditorFlags: 0
  m_IsActive: 1
--- !u!1 &1636371023262092
GameObject:
  m_ObjectHideFlags: 1
  m_PrefabParentObject: {fileID: 0}
  m_PrefabInternal: {fileID: 100100000}
  serializedVersion: 5
  m_Component:
  - component: {fileID: 4173058811168892}
  m_Layer: 0
  m_Name: Base HumanHair1
  m_TagString: Untagged
  m_Icon: {fileID: 0}
  m_NavMeshLayer: 0
  m_StaticEditorFlags: 0
  m_IsActive: 1
--- !u!1 &1639170498769424
GameObject:
  m_ObjectHideFlags: 1
  m_PrefabParentObject: {fileID: 0}
  m_PrefabInternal: {fileID: 100100000}
  serializedVersion: 5
  m_Component:
  - component: {fileID: 4921222970381724}
  m_Layer: 0
  m_Name: Base HumanLDigit53
  m_TagString: Untagged
  m_Icon: {fileID: 0}
  m_NavMeshLayer: 0
  m_StaticEditorFlags: 0
  m_IsActive: 1
--- !u!1 &1661345246600976
GameObject:
  m_ObjectHideFlags: 1
  m_PrefabParentObject: {fileID: 0}
  m_PrefabInternal: {fileID: 100100000}
  serializedVersion: 5
  m_Component:
  - component: {fileID: 4869239834581482}
  m_Layer: 0
  m_Name: Base HumanSkirt6
  m_TagString: Untagged
  m_Icon: {fileID: 0}
  m_NavMeshLayer: 0
  m_StaticEditorFlags: 0
  m_IsActive: 1
--- !u!1 &1685273897711528
GameObject:
  m_ObjectHideFlags: 1
  m_PrefabParentObject: {fileID: 0}
  m_PrefabInternal: {fileID: 100100000}
  serializedVersion: 5
  m_Component:
  - component: {fileID: 4868646070086052}
  m_Layer: 0
  m_Name: Base HumanLUpperarm
  m_TagString: Untagged
  m_Icon: {fileID: 0}
  m_NavMeshLayer: 0
  m_StaticEditorFlags: 0
  m_IsActive: 1
--- !u!1 &1699112721517768
GameObject:
  m_ObjectHideFlags: 1
  m_PrefabParentObject: {fileID: 0}
  m_PrefabInternal: {fileID: 100100000}
  serializedVersion: 5
  m_Component:
  - component: {fileID: 4854019545326158}
  m_Layer: 0
  m_Name: Base HumanSkirt2
  m_TagString: Untagged
  m_Icon: {fileID: 0}
  m_NavMeshLayer: 0
  m_StaticEditorFlags: 0
  m_IsActive: 1
--- !u!1 &1714671167206080
GameObject:
  m_ObjectHideFlags: 1
  m_PrefabParentObject: {fileID: 0}
  m_PrefabInternal: {fileID: 100100000}
  serializedVersion: 5
  m_Component:
  - component: {fileID: 4514266472439712}
  m_Layer: 0
  m_Name: Base HumanLDigit43
  m_TagString: Untagged
  m_Icon: {fileID: 0}
  m_NavMeshLayer: 0
  m_StaticEditorFlags: 0
  m_IsActive: 1
--- !u!1 &1720953628010740
GameObject:
  m_ObjectHideFlags: 1
  m_PrefabParentObject: {fileID: 0}
  m_PrefabInternal: {fileID: 100100000}
  serializedVersion: 5
  m_Component:
  - component: {fileID: 4293779975754596}
  m_Layer: 0
  m_Name: Base HumanSpine3-x
  m_TagString: Untagged
  m_Icon: {fileID: 0}
  m_NavMeshLayer: 0
  m_StaticEditorFlags: 0
  m_IsActive: 1
--- !u!1 &1734388972721882
GameObject:
  m_ObjectHideFlags: 1
  m_PrefabParentObject: {fileID: 0}
  m_PrefabInternal: {fileID: 100100000}
  serializedVersion: 5
  m_Component:
  - component: {fileID: 4406794500738764}
  m_Layer: 0
  m_Name: Base HumanSkirt11
  m_TagString: Untagged
  m_Icon: {fileID: 0}
  m_NavMeshLayer: 0
  m_StaticEditorFlags: 0
  m_IsActive: 1
--- !u!1 &1753217234191346
GameObject:
  m_ObjectHideFlags: 1
  m_PrefabParentObject: {fileID: 0}
  m_PrefabInternal: {fileID: 100100000}
  serializedVersion: 5
  m_Component:
  - component: {fileID: 4323162912025982}
  m_Layer: 0
  m_Name: Base HumanLDigit13
  m_TagString: Untagged
  m_Icon: {fileID: 0}
  m_NavMeshLayer: 0
  m_StaticEditorFlags: 0
  m_IsActive: 1
--- !u!1 &1767492780778394
GameObject:
  m_ObjectHideFlags: 1
  m_PrefabParentObject: {fileID: 0}
  m_PrefabInternal: {fileID: 100100000}
  serializedVersion: 5
  m_Component:
  - component: {fileID: 4401404041023820}
  m_Layer: 0
  m_Name: Base HumanLPalm
  m_TagString: Untagged
  m_Icon: {fileID: 0}
  m_NavMeshLayer: 0
  m_StaticEditorFlags: 0
  m_IsActive: 1
--- !u!1 &1769542838923374
GameObject:
  m_ObjectHideFlags: 1
  m_PrefabParentObject: {fileID: 0}
  m_PrefabInternal: {fileID: 100100000}
  serializedVersion: 5
  m_Component:
  - component: {fileID: 4328416961759192}
  m_Layer: 0
  m_Name: Base HumanSkirt5
  m_TagString: Untagged
  m_Icon: {fileID: 0}
  m_NavMeshLayer: 0
  m_StaticEditorFlags: 0
  m_IsActive: 1
--- !u!1 &1778196675602960
GameObject:
  m_ObjectHideFlags: 1
  m_PrefabParentObject: {fileID: 0}
  m_PrefabInternal: {fileID: 100100000}
  serializedVersion: 5
  m_Component:
  - component: {fileID: 4256380035726702}
  m_Layer: 0
  m_Name: Base HumanLDigit51
  m_TagString: Untagged
  m_Icon: {fileID: 0}
  m_NavMeshLayer: 0
  m_StaticEditorFlags: 0
  m_IsActive: 1
--- !u!1 &1778259636806946
GameObject:
  m_ObjectHideFlags: 1
  m_PrefabParentObject: {fileID: 0}
  m_PrefabInternal: {fileID: 100100000}
  serializedVersion: 5
  m_Component:
  - component: {fileID: 4876894731470134}
  m_Layer: 0
  m_Name: Base HumanLDigit32
  m_TagString: Untagged
  m_Icon: {fileID: 0}
  m_NavMeshLayer: 0
  m_StaticEditorFlags: 0
  m_IsActive: 1
--- !u!1 &1778712672900970
GameObject:
  m_ObjectHideFlags: 1
  m_PrefabParentObject: {fileID: 0}
  m_PrefabInternal: {fileID: 100100000}
  serializedVersion: 5
  m_Component:
  - component: {fileID: 4542993348320164}
  m_Layer: 0
  m_Name: Base HumanRDigit51
  m_TagString: Untagged
  m_Icon: {fileID: 0}
  m_NavMeshLayer: 0
  m_StaticEditorFlags: 0
  m_IsActive: 1
--- !u!1 &1795331512735474
GameObject:
  m_ObjectHideFlags: 1
  m_PrefabParentObject: {fileID: 0}
  m_PrefabInternal: {fileID: 100100000}
  serializedVersion: 5
  m_Component:
  - component: {fileID: 4449571535507556}
  m_Layer: 0
  m_Name: Base HumanRDigit12
  m_TagString: Untagged
  m_Icon: {fileID: 0}
  m_NavMeshLayer: 0
  m_StaticEditorFlags: 0
  m_IsActive: 1
--- !u!1 &1797882272976602
GameObject:
  m_ObjectHideFlags: 1
  m_PrefabParentObject: {fileID: 0}
  m_PrefabInternal: {fileID: 100100000}
  serializedVersion: 5
  m_Component:
  - component: {fileID: 4750811619860546}
  m_Layer: 0
  m_Name: Base HumanLDigit23
  m_TagString: Untagged
  m_Icon: {fileID: 0}
  m_NavMeshLayer: 0
  m_StaticEditorFlags: 0
  m_IsActive: 1
--- !u!1 &1805490292719744
GameObject:
  m_ObjectHideFlags: 0
  m_PrefabParentObject: {fileID: 0}
  m_PrefabInternal: {fileID: 100100000}
  serializedVersion: 5
  m_Component:
  - component: {fileID: 4608744367869172}
  m_Layer: 0
  m_Name: Base HumanPelvis
  m_TagString: Untagged
  m_Icon: {fileID: 0}
  m_NavMeshLayer: 0
  m_StaticEditorFlags: 0
  m_IsActive: 1
--- !u!1 &1806587739500116
GameObject:
  m_ObjectHideFlags: 1
  m_PrefabParentObject: {fileID: 0}
  m_PrefabInternal: {fileID: 100100000}
  serializedVersion: 5
  m_Component:
  - component: {fileID: 4496495399238496}
  m_Layer: 0
  m_Name: Base HumanRThigh
  m_TagString: Untagged
  m_Icon: {fileID: 0}
  m_NavMeshLayer: 0
  m_StaticEditorFlags: 0
  m_IsActive: 1
--- !u!1 &1818533882639538
GameObject:
  m_ObjectHideFlags: 0
  m_PrefabParentObject: {fileID: 0}
  m_PrefabInternal: {fileID: 100100000}
  serializedVersion: 5
  m_Component:
  - component: {fileID: 4919999570979062}
  m_Layer: 0
  m_Name: Base Human
  m_TagString: Untagged
  m_Icon: {fileID: 0}
  m_NavMeshLayer: 0
  m_StaticEditorFlags: 0
  m_IsActive: 1
--- !u!1 &1818594770070120
GameObject:
  m_ObjectHideFlags: 1
  m_PrefabParentObject: {fileID: 0}
  m_PrefabInternal: {fileID: 100100000}
  serializedVersion: 5
  m_Component:
  - component: {fileID: 4377224896606602}
  m_Layer: 0
  m_Name: Base HumanHair5
  m_TagString: Untagged
  m_Icon: {fileID: 0}
  m_NavMeshLayer: 0
  m_StaticEditorFlags: 0
  m_IsActive: 1
--- !u!1 &1865485540645318
GameObject:
  m_ObjectHideFlags: 1
  m_PrefabParentObject: {fileID: 0}
  m_PrefabInternal: {fileID: 100100000}
  serializedVersion: 5
  m_Component:
  - component: {fileID: 4651320186052878}
  m_Layer: 0
  m_Name: Base HumanHair3
  m_TagString: Untagged
  m_Icon: {fileID: 0}
  m_NavMeshLayer: 0
  m_StaticEditorFlags: 0
  m_IsActive: 1
--- !u!1 &1871338656951724
GameObject:
  m_ObjectHideFlags: 1
  m_PrefabParentObject: {fileID: 0}
  m_PrefabInternal: {fileID: 100100000}
  serializedVersion: 5
  m_Component:
  - component: {fileID: 4543595785614714}
  m_Layer: 0
  m_Name: Base HumanSpine2
  m_TagString: Untagged
  m_Icon: {fileID: 0}
  m_NavMeshLayer: 0
  m_StaticEditorFlags: 0
  m_IsActive: 1
--- !u!1 &1889723813976768
GameObject:
  m_ObjectHideFlags: 1
  m_PrefabParentObject: {fileID: 0}
  m_PrefabInternal: {fileID: 100100000}
  serializedVersion: 5
  m_Component:
  - component: {fileID: 4226923235136100}
  m_Layer: 0
  m_Name: Base HumanSkirt3
  m_TagString: Untagged
  m_Icon: {fileID: 0}
  m_NavMeshLayer: 0
  m_StaticEditorFlags: 0
  m_IsActive: 1
--- !u!1 &1892155137452222
GameObject:
  m_ObjectHideFlags: 1
  m_PrefabParentObject: {fileID: 0}
  m_PrefabInternal: {fileID: 100100000}
  serializedVersion: 5
  m_Component:
  - component: {fileID: 4458614151742692}
  m_Layer: 0
  m_Name: Base HumanHair4
  m_TagString: Untagged
  m_Icon: {fileID: 0}
  m_NavMeshLayer: 0
  m_StaticEditorFlags: 0
  m_IsActive: 1
--- !u!1 &1914987193365304
GameObject:
  m_ObjectHideFlags: 0
  m_PrefabParentObject: {fileID: 0}
  m_PrefabInternal: {fileID: 100100000}
  serializedVersion: 5
  m_Component:
  - component: {fileID: 4572716599553300}
  m_Layer: 0
  m_Name: Base HumanRPlatform
  m_TagString: Untagged
  m_Icon: {fileID: 0}
  m_NavMeshLayer: 0
  m_StaticEditorFlags: 0
  m_IsActive: 1
--- !u!1 &1938196175037632
GameObject:
  m_ObjectHideFlags: 1
  m_PrefabParentObject: {fileID: 0}
  m_PrefabInternal: {fileID: 100100000}
  serializedVersion: 5
  m_Component:
  - component: {fileID: 4308379566684660}
  m_Layer: 0
  m_Name: Base HumanLDigit12
  m_TagString: Untagged
  m_Icon: {fileID: 0}
  m_NavMeshLayer: 0
  m_StaticEditorFlags: 0
  m_IsActive: 1
--- !u!1 &1954229479886740
GameObject:
  m_ObjectHideFlags: 1
  m_PrefabParentObject: {fileID: 0}
  m_PrefabInternal: {fileID: 100100000}
  serializedVersion: 5
  m_Component:
  - component: {fileID: 4176829713369896}
  m_Layer: 0
  m_Name: Base HumanHead
  m_TagString: Untagged
  m_Icon: {fileID: 0}
  m_NavMeshLayer: 0
  m_StaticEditorFlags: 0
  m_IsActive: 1
--- !u!1 &1966252515590282
GameObject:
  m_ObjectHideFlags: 0
  m_PrefabParentObject: {fileID: 0}
  m_PrefabInternal: {fileID: 100100000}
  serializedVersion: 5
  m_Component:
  - component: {fileID: 4060436376975278}
  - component: {fileID: 137464413450400254}
  m_Layer: 0
  m_Name: GIRL_HAIR_01
  m_TagString: Untagged
  m_Icon: {fileID: 0}
  m_NavMeshLayer: 0
  m_StaticEditorFlags: 0
  m_IsActive: 1
--- !u!1 &1989122723121616
GameObject:
  m_ObjectHideFlags: 0
  m_PrefabParentObject: {fileID: 0}
  m_PrefabInternal: {fileID: 100100000}
  serializedVersion: 5
  m_Component:
  - component: {fileID: 4139747365152398}
  - component: {fileID: 137988301106313094}
  m_Layer: 0
  m_Name: GIRL_BODY_01
  m_TagString: Untagged
  m_Icon: {fileID: 0}
  m_NavMeshLayer: 0
  m_StaticEditorFlags: 0
  m_IsActive: 1
--- !u!1 &1998655883343492
GameObject:
  m_ObjectHideFlags: 1
  m_PrefabParentObject: {fileID: 0}
  m_PrefabInternal: {fileID: 100100000}
  serializedVersion: 5
  m_Component:
  - component: {fileID: 4112193967429672}
  m_Layer: 0
  m_Name: Base HumanRForearm
  m_TagString: Untagged
  m_Icon: {fileID: 0}
  m_NavMeshLayer: 0
  m_StaticEditorFlags: 0
  m_IsActive: 1
--- !u!1 &1998864662198500
GameObject:
  m_ObjectHideFlags: 1
  m_PrefabParentObject: {fileID: 0}
  m_PrefabInternal: {fileID: 100100000}
  serializedVersion: 5
  m_Component:
  - component: {fileID: 4071367416383680}
  m_Layer: 0
  m_Name: Base HumanLCalf
  m_TagString: Untagged
  m_Icon: {fileID: 0}
  m_NavMeshLayer: 0
  m_StaticEditorFlags: 0
  m_IsActive: 1
--- !u!4 &4010814961917954
Transform:
  m_ObjectHideFlags: 1
  m_PrefabParentObject: {fileID: 0}
  m_PrefabInternal: {fileID: 100100000}
  m_GameObject: {fileID: 1628185261137762}
  m_LocalRotation: {x: -0.00000009399367, y: -0.000000043259448, z: -0.02607072, w: 0.99966013}
  m_LocalPosition: {x: -0.008316419, y: 0.000000014726628, z: 0.000000002379241}
  m_LocalScale: {x: 1.0000017, y: 0.9999999, z: 1.0000005}
  m_Children: []
  m_Father: {fileID: 4876894731470134}
  m_RootOrder: 0
  m_LocalEulerAnglesHint: {x: 0, y: 0, z: 0}
--- !u!4 &4023797949182818
Transform:
  m_ObjectHideFlags: 1
  m_PrefabParentObject: {fileID: 0}
  m_PrefabInternal: {fileID: 100100000}
  m_GameObject: {fileID: 1433726120690300}
  m_LocalRotation: {x: 0.00000014787649, y: 0.000000037252885, z: -0.02607136, w: 0.9996601}
  m_LocalPosition: {x: -0.00831643, y: -0.000000013345878, z: 0.000000002328305}
  m_LocalScale: {x: 1.0000001, y: 1.0000006, z: 1.0000001}
  m_Children:
  - {fileID: 4253953581700802}
  m_Father: {fileID: 4849231218563218}
  m_RootOrder: 0
  m_LocalEulerAnglesHint: {x: 0, y: 0, z: 0}
--- !u!4 &4055463703380616
Transform:
  m_ObjectHideFlags: 1
  m_PrefabParentObject: {fileID: 0}
  m_PrefabInternal: {fileID: 100100000}
  m_GameObject: {fileID: 1132253400733856}
  m_LocalRotation: {x: 0.00000005913897, y: 0.000000005587934, z: -0.000000020489091,
    w: 1}
  m_LocalPosition: {x: -0.070429705, y: -0.000000009536743, z: 0.000000009536743}
  m_LocalScale: {x: 1.0000004, y: 1.0000006, z: 1.000001}
  m_Children: []
  m_Father: {fileID: 4173058811168892}
  m_RootOrder: 0
  m_LocalEulerAnglesHint: {x: 0, y: 0, z: 0}
--- !u!4 &4060436376975278
Transform:
  m_ObjectHideFlags: 1
  m_PrefabParentObject: {fileID: 0}
  m_PrefabInternal: {fileID: 100100000}
  m_GameObject: {fileID: 1966252515590282}
  m_LocalRotation: {x: -0.70710677, y: -0.00000006181724, z: 2.7021173e-15, w: 0.7071068}
  m_LocalPosition: {x: -0, y: 0, z: -0.035656188}
  m_LocalScale: {x: 1, y: 1, z: 1}
  m_Children: []
  m_Father: {fileID: 4238646636166878}
  m_RootOrder: 4
  m_LocalEulerAnglesHint: {x: 0, y: 0, z: 0}
--- !u!4 &4071367416383680
Transform:
  m_ObjectHideFlags: 1
  m_PrefabParentObject: {fileID: 0}
  m_PrefabInternal: {fileID: 100100000}
  m_GameObject: {fileID: 1998864662198500}
  m_LocalRotation: {x: -0.0085798055, y: 0.0008196266, z: 0.09676736, w: 0.9952697}
  m_LocalPosition: {x: -0.058069505, y: 0.000000022351738, z: 0.00000004400499}
  m_LocalScale: {x: 1.0000012, y: 1.0000018, z: 1.0000012}
  m_Children:
  - {fileID: 4735948743419720}
  m_Father: {fileID: 4723685953792944}
  m_RootOrder: 0
  m_LocalEulerAnglesHint: {x: 0, y: 0, z: 0}
--- !u!4 &4075023852500578
Transform:
  m_ObjectHideFlags: 1
  m_PrefabParentObject: {fileID: 0}
  m_PrefabInternal: {fileID: 100100000}
  m_GameObject: {fileID: 1499799333448350}
  m_LocalRotation: {x: -0.0011076925, y: 0.105217345, z: -0.010487069, w: 0.9943934}
  m_LocalPosition: {x: -0.016985646, y: 0.00092004036, z: 0.0034809862}
  m_LocalScale: {x: 0.9999994, y: 1.0000004, z: 0.99999976}
  m_Children:
  - {fileID: 4525312881902250}
  m_Father: {fileID: 4446792631927316}
  m_RootOrder: 2
  m_LocalEulerAnglesHint: {x: 0, y: 0, z: 0}
--- !u!4 &4112193967429672
Transform:
  m_ObjectHideFlags: 1
  m_PrefabParentObject: {fileID: 0}
  m_PrefabInternal: {fileID: 100100000}
  m_GameObject: {fileID: 1998655883343492}
  m_LocalRotation: {x: 0.036095213, y: -0.6275938, z: 0.013111447, w: 0.77759326}
  m_LocalPosition: {x: -0.06716266, y: 0.000000027939667, z: 0.00000068405626}
  m_LocalScale: {x: 0.9999989, y: 1.0000007, z: 1.0000017}
  m_Children:
  - {fileID: 4446792631927316}
  m_Father: {fileID: 4324281808691516}
  m_RootOrder: 0
  m_LocalEulerAnglesHint: {x: 4.163, y: -77.866005, z: -1.4310001}
--- !u!4 &4115704933391388
Transform:
  m_ObjectHideFlags: 1
  m_PrefabParentObject: {fileID: 0}
  m_PrefabInternal: {fileID: 100100000}
  m_GameObject: {fileID: 1444194889705688}
  m_LocalRotation: {x: 0.000000062631436, y: -0.00000023841854, z: -0.053155128, w: 0.9985863}
  m_LocalPosition: {x: -0.007419077, y: 0.000000009622487, z: -0.0000000010186352}
  m_LocalScale: {x: 1.0000014, y: 0.99999934, z: 0.9999999}
  m_Children:
  - {fileID: 4750811619860546}
  m_Father: {fileID: 4264726765050990}
  m_RootOrder: 0
  m_LocalEulerAnglesHint: {x: 0, y: 0, z: 0}
--- !u!4 &4133979167592248
Transform:
  m_ObjectHideFlags: 1
  m_PrefabParentObject: {fileID: 0}
  m_PrefabInternal: {fileID: 100100000}
  m_GameObject: {fileID: 1487041549455656}
  m_LocalRotation: {x: 2.910382e-11, y: 4.6566112e-10, z: -2.910382e-10, w: 1}
  m_LocalPosition: {x: -0.07042967, y: 0, z: 0}
  m_LocalScale: {x: 1.0000005, y: 1.0000005, z: 1.0000002}
  m_Children: []
  m_Father: {fileID: 4377224896606602}
  m_RootOrder: 0
  m_LocalEulerAnglesHint: {x: 0, y: 0, z: 0}
--- !u!4 &4134437394910172
Transform:
  m_ObjectHideFlags: 1
  m_PrefabParentObject: {fileID: 0}
  m_PrefabInternal: {fileID: 100100000}
  m_GameObject: {fileID: 1441405456767522}
  m_LocalRotation: {x: -0.00000011990777, y: 0.000000016763805, z: -0.00000009685753,
    w: 1}
  m_LocalPosition: {x: -0.023888329, y: -0.000000014305114, z: 0}
  m_LocalScale: {x: 1.0000006, y: 1.0000006, z: 1.0000005}
  m_Children: []
  m_Father: {fileID: 4492884013899908}
  m_RootOrder: 0
  m_LocalEulerAnglesHint: {x: 0, y: 0, z: 0}
--- !u!4 &4139747365152398
Transform:
  m_ObjectHideFlags: 1
  m_PrefabParentObject: {fileID: 0}
  m_PrefabInternal: {fileID: 100100000}
  m_GameObject: {fileID: 1989122723121616}
  m_LocalRotation: {x: -0.7071068, y: 0, z: -0, w: 0.7071068}
  m_LocalPosition: {x: -0, y: 0, z: -0.035656188}
  m_LocalScale: {x: 1, y: 1, z: 1}
  m_Children: []
  m_Father: {fileID: 4238646636166878}
  m_RootOrder: 3
  m_LocalEulerAnglesHint: {x: 0, y: 0, z: 0}
--- !u!4 &4154900731045986
Transform:
  m_ObjectHideFlags: 1
  m_PrefabParentObject: {fileID: 0}
  m_PrefabInternal: {fileID: 100100000}
  m_GameObject: {fileID: 1517413206272838}
  m_LocalRotation: {x: -0.000000063329935, y: -0.0000000037252903, z: -0.000000022351742,
    w: 1}
  m_LocalPosition: {x: -0.02388835, y: -0.000000009536743, z: 0.0000000047683715}
  m_LocalScale: {x: 1.0000006, y: 1.0000005, z: 1.0000001}
  m_Children: []
  m_Father: {fileID: 4888923338229850}
  m_RootOrder: 0
  m_LocalEulerAnglesHint: {x: 0, y: 0, z: 0}
--- !u!4 &4173058811168892
Transform:
  m_ObjectHideFlags: 1
  m_PrefabParentObject: {fileID: 0}
  m_PrefabInternal: {fileID: 100100000}
  m_GameObject: {fileID: 1636371023262092}
  m_LocalRotation: {x: -0.066942565, y: 0.38090497, z: -0.91924685, w: 0.07358912}
  m_LocalPosition: {x: 0.033378597, y: -0.05172033, z: -0.09187931}
  m_LocalScale: {x: 1.0000011, y: 1.0000007, z: 1.0000013}
  m_Children:
  - {fileID: 4055463703380616}
  m_Father: {fileID: 4176829713369896}
  m_RootOrder: 3
  m_LocalEulerAnglesHint: {x: 45.074, y: -7.0520005, z: -195.301}
--- !u!4 &4176829713369896
Transform:
  m_ObjectHideFlags: 1
  m_PrefabParentObject: {fileID: 0}
  m_PrefabInternal: {fileID: 100100000}
  m_GameObject: {fileID: 1954229479886740}
  m_LocalRotation: {x: 0.062006593, y: 0.13218848, z: -0.34576496, w: 0.92689157}
  m_LocalPosition: {x: -0.058617838, y: 0.0000017797577, z: 0.0000002825492}
  m_LocalScale: {x: 1.000001, y: 1.0000008, z: 1.0000012}
  m_Children:
  - {fileID: 4651320186052878}
  - {fileID: 4377224896606602}
  - {fileID: 4196543355805236}
  - {fileID: 4173058811168892}
  m_Father: {fileID: 4300731202655894}
  m_RootOrder: 0
  m_LocalEulerAnglesHint: {x: 11.909, y: 11.924001, z: -39.667004}
--- !u!4 &4196543355805236
Transform:
  m_ObjectHideFlags: 1
  m_PrefabParentObject: {fileID: 0}
  m_PrefabInternal: {fileID: 100100000}
  m_GameObject: {fileID: 1315379705641864}
  m_LocalRotation: {x: -0.08895938, y: 0.29671347, z: 0.9423992, w: -0.12621897}
  m_LocalPosition: {x: 0.03337518, y: -0.051723693, z: 0.0918819}
  m_LocalScale: {x: 1.0000012, y: 1.0000014, z: 1.0000005}
  m_Children:
  - {fileID: 4407096645489938}
  m_Father: {fileID: 4176829713369896}
  m_RootOrder: 2
  m_LocalEulerAnglesHint: {x: -32.465, y: -16.709002, z: -159.847}
--- !u!4 &4201759626635766
Transform:
  m_ObjectHideFlags: 1
  m_PrefabParentObject: {fileID: 0}
  m_PrefabInternal: {fileID: 100100000}
  m_GameObject: {fileID: 1384008562832260}
  m_LocalRotation: {x: -0.0000018581101, y: 0.00000051211026, z: -0.12539521, w: 0.9921069}
  m_LocalPosition: {x: -0.05946604, y: -0.000000003725287, z: -0.000000004656613}
  m_LocalScale: {x: 1.0000002, y: 0.9999999, z: 1.0000008}
  m_Children:
  - {fileID: 4791425771883352}
  - {fileID: 4331220806589298}
  - {fileID: 4368712695086082}
  m_Father: {fileID: 4293779975754596}
  m_RootOrder: 0
  m_LocalEulerAnglesHint: {x: 0, y: 0, z: 0}
--- !u!4 &4212504327661490
Transform:
  m_ObjectHideFlags: 1
  m_PrefabParentObject: {fileID: 0}
  m_PrefabInternal: {fileID: 100100000}
  m_GameObject: {fileID: 1631803391978806}
  m_LocalRotation: {x: 0.0709337, y: -0.09715374, z: -0.041581634, w: 0.99186724}
  m_LocalPosition: {x: -0.06716165, y: 0.000000013504177, z: -0.00000022118914}
  m_LocalScale: {x: 1.0000026, y: 1.0000001, z: 0.9999996}
  m_Children:
  - {fileID: 4401404041023820}
  m_Father: {fileID: 4868646070086052}
  m_RootOrder: 0
  m_LocalEulerAnglesHint: {x: 0, y: 0, z: 0}
--- !u!4 &4226923235136100
Transform:
  m_ObjectHideFlags: 1
  m_PrefabParentObject: {fileID: 0}
  m_PrefabInternal: {fileID: 100100000}
  m_GameObject: {fileID: 1889723813976768}
  m_LocalRotation: {x: -0.113674104, y: -0.36728036, z: 0.9181355, w: -0.09597185}
  m_LocalPosition: {x: -0.0080414, y: 0.044220023, z: 0.043032344}
  m_LocalScale: {x: 1.000001, y: 1.0000012, z: 1.0000011}
  m_Children:
  - {fileID: 4510447894372956}
  m_Father: {fileID: 4608744367869172}
  m_RootOrder: 2
  m_LocalEulerAnglesHint: {x: 0, y: 0, z: 0}
--- !u!4 &4230156357985028
Transform:
  m_ObjectHideFlags: 1
  m_PrefabParentObject: {fileID: 0}
  m_PrefabInternal: {fileID: 100100000}
  m_GameObject: {fileID: 1062996313528930}
  m_LocalRotation: {x: 0.00000015388069, y: 0.000000012259413, z: -0.022646517, w: 0.9997436}
  m_LocalPosition: {x: -0.007792221, y: -0.000000023268377, z: 0.000000004547473}
  m_LocalScale: {x: 1.0000001, y: 1.0000004, z: 0.9999995}
  m_Children: []
  m_Father: {fileID: 4525312881902250}
  m_RootOrder: 0
  m_LocalEulerAnglesHint: {x: 0, y: 0, z: 0}
--- !u!4 &4234832771416098
Transform:
  m_ObjectHideFlags: 1
  m_PrefabParentObject: {fileID: 0}
  m_PrefabInternal: {fileID: 100100000}
  m_GameObject: {fileID: 1448575572339302}
  m_LocalRotation: {x: -0.0021465064, y: 0.010376853, z: -0.381864, w: 0.9241578}
  m_LocalPosition: {x: -0.025070341, y: 0.00208282, z: 0.000055298235}
  m_LocalScale: {x: 0.99999624, y: 1.0000045, z: 1.0000004}
  m_Children: []
  m_Father: {fileID: 4735948743419720}
  m_RootOrder: 0
  m_LocalEulerAnglesHint: {x: 0.22600001, y: 1.1980001, z: -24.123001}
--- !u!4 &4238646636166878
Transform:
  m_ObjectHideFlags: 1
  m_PrefabParentObject: {fileID: 0}
  m_PrefabInternal: {fileID: 100100000}
  m_GameObject: {fileID: 1082180012099918}
  m_LocalRotation: {x: 0, y: 0, z: 0, w: 1}
  m_LocalPosition: {x: 0, y: 0, z: 0}
  m_LocalScale: {x: 1, y: 1, z: 1}
  m_Children:
  - {fileID: 4919999570979062}
  - {fileID: 4871047927405872}
  - {fileID: 4572716599553300}
  - {fileID: 4139747365152398}
  - {fileID: 4060436376975278}
  - {fileID: 4608744367869172}
  m_Father: {fileID: 0}
  m_RootOrder: 0
  m_LocalEulerAnglesHint: {x: 0, y: 0, z: 0}
--- !u!4 &4253953581700802
Transform:
  m_ObjectHideFlags: 1
  m_PrefabParentObject: {fileID: 0}
  m_PrefabInternal: {fileID: 100100000}
  m_GameObject: {fileID: 1049752318068190}
  m_LocalRotation: {x: -0.00000015580274, y: 0.000000021905052, z: -0.026071597, w: 0.9996601}
  m_LocalPosition: {x: -0.008316442, y: -0.000000011816089, z: 0.0000000022118902}
  m_LocalScale: {x: 0.9999998, y: 1.000001, z: 1.000001}
  m_Children: []
  m_Father: {fileID: 4023797949182818}
  m_RootOrder: 0
  m_LocalEulerAnglesHint: {x: 0, y: 0, z: 0}
--- !u!4 &4256380035726702
Transform:
  m_ObjectHideFlags: 1
  m_PrefabParentObject: {fileID: 0}
  m_PrefabInternal: {fileID: 100100000}
  m_GameObject: {fileID: 1778196675602960}
  m_LocalRotation: {x: 0.0029765363, y: -0.23347436, z: -0.005302846, w: 0.972344}
  m_LocalPosition: {x: -0.017639002, y: 0.00048004498, z: -0.0106940735}
  m_LocalScale: {x: 1.0000011, y: 1, z: 1.0000006}
  m_Children:
  - {fileID: 4368608858641614}
  m_Father: {fileID: 4401404041023820}
  m_RootOrder: 4
  m_LocalEulerAnglesHint: {x: 0, y: 0, z: 0}
--- !u!4 &4261389503099850
Transform:
  m_ObjectHideFlags: 1
  m_PrefabParentObject: {fileID: 0}
  m_PrefabInternal: {fileID: 100100000}
  m_GameObject: {fileID: 1274577499180102}
  m_LocalRotation: {x: -0.000008732131, y: 0.00016571123, z: -0.05383635, w: 0.99854976}
  m_LocalPosition: {x: -0.0076100053, y: 0.000000005296859, z: -0.000000013969888}
  m_LocalScale: {x: 0.99999785, y: 1.0000033, z: 0.9999984}
  m_Children: []
  m_Father: {fileID: 4449571535507556}
  m_RootOrder: 0
  m_LocalEulerAnglesHint: {x: 0, y: 0, z: 0}
--- !u!4 &4264726765050990
Transform:
  m_ObjectHideFlags: 1
  m_PrefabParentObject: {fileID: 0}
  m_PrefabInternal: {fileID: 100100000}
  m_GameObject: {fileID: 1322308781411022}
  m_LocalRotation: {x: 0.0018700354, y: 0.16014464, z: 0.009438954, w: 0.98704666}
  m_LocalPosition: {x: -0.016612515, y: 0.0010323882, z: 0.009811231}
  m_LocalScale: {x: 0.99999964, y: 1.0000002, z: 1.0000001}
  m_Children:
  - {fileID: 4115704933391388}
  m_Father: {fileID: 4401404041023820}
  m_RootOrder: 3
  m_LocalEulerAnglesHint: {x: 0, y: 0, z: 0}
--- !u!4 &4278569404039742
Transform:
  m_ObjectHideFlags: 1
  m_PrefabParentObject: {fileID: 0}
  m_PrefabInternal: {fileID: 100100000}
  m_GameObject: {fileID: 1498824199156084}
  m_LocalRotation: {x: 0.0011076924, y: -0.10521628, z: -0.010486823, w: 0.99439347}
  m_LocalPosition: {x: -0.016985698, y: 0.00092010875, z: -0.003480969}
  m_LocalScale: {x: 1.0000013, y: 0.9999999, z: 1.0000005}
  m_Children:
  - {fileID: 4452163724933056}
  m_Father: {fileID: 4401404041023820}
  m_RootOrder: 2
  m_LocalEulerAnglesHint: {x: 0, y: 0, z: 0}
--- !u!4 &4285662838939446
Transform:
  m_ObjectHideFlags: 1
  m_PrefabParentObject: {fileID: 0}
  m_PrefabInternal: {fileID: 100100000}
  m_GameObject: {fileID: 1373531597452446}
  m_LocalRotation: {x: 0.000000019557767, y: -0.0000003725289, z: -0.026255243, w: 0.9996553}
  m_LocalPosition: {x: -0.005644996, y: -0.0000000310937, z: 0.000000008789356}
  m_LocalScale: {x: 1.000001, y: 1.0000006, z: 1.0000004}
  m_Children:
  - {fileID: 4742426805658764}
  m_Father: {fileID: 4542993348320164}
  m_RootOrder: 0
  m_LocalEulerAnglesHint: {x: 0, y: 0, z: 0}
--- !u!4 &4293779975754596
Transform:
  m_ObjectHideFlags: 1
  m_PrefabParentObject: {fileID: 0}
  m_PrefabInternal: {fileID: 100100000}
  m_GameObject: {fileID: 1720953628010740}
  m_LocalRotation: {x: -0.0000017881393, y: -0.00000023841858, z: 0.12181708, w: 0.99255264}
  m_LocalPosition: {x: -0.02892949, y: 0.0000000018626442, z: 8.2945917e-10}
  m_LocalScale: {x: 1, y: 1.0000004, z: 1}
  m_Children:
  - {fileID: 4201759626635766}
  m_Father: {fileID: 4543595785614714}
  m_RootOrder: 0
  m_LocalEulerAnglesHint: {x: 0, y: 0, z: 0}
--- !u!4 &4300731202655894
Transform:
  m_ObjectHideFlags: 1
  m_PrefabParentObject: {fileID: 0}
  m_PrefabInternal: {fileID: 100100000}
  m_GameObject: {fileID: 1394810975082338}
  m_LocalRotation: {x: -0.000000029802314, y: -0.000000029802314, z: 0.3487765, w: 0.937206}
  m_LocalPosition: {x: -0.013131218, y: -0.0000000055879354, z: -0.0000000038417056}
  m_LocalScale: {x: 0.99999994, y: 0.99999994, z: 1}
  m_Children:
  - {fileID: 4176829713369896}
  m_Father: {fileID: 4791425771883352}
  m_RootOrder: 0
  m_LocalEulerAnglesHint: {x: 0, y: 0, z: 0}
--- !u!4 &4308379566684660
Transform:
  m_ObjectHideFlags: 1
  m_PrefabParentObject: {fileID: 0}
  m_PrefabInternal: {fileID: 100100000}
  m_GameObject: {fileID: 1938196175037632}
  m_LocalRotation: {x: -0.0000087264925, y: 0.00016412136, z: -0.05376287, w: 0.99855375}
  m_LocalPosition: {x: -0.0142111955, y: 0.0000000013678862, z: 0.0000000065192505}
  m_LocalScale: {x: 1.0000017, y: 0.99999774, z: 1.0000021}
  m_Children:
  - {fileID: 4323162912025982}
  m_Father: {fileID: 4997333207477968}
  m_RootOrder: 0
  m_LocalEulerAnglesHint: {x: 0, y: 0, z: 0}
--- !u!4 &4322694273495570
Transform:
  m_ObjectHideFlags: 1
  m_PrefabParentObject: {fileID: 0}
  m_PrefabInternal: {fileID: 100100000}
  m_GameObject: {fileID: 1094480692604766}
  m_LocalRotation: {x: 0.000000029802319, y: -0.0000000074505797, z: 0.00000004470348,
    w: 1}
  m_LocalPosition: {x: -0.02388834, y: -0.000000009536743, z: 0.000000002980232}
  m_LocalScale: {x: 1.0000005, y: 1.0000004, z: 0.9999999}
  m_Children: []
  m_Father: {fileID: 4406794500738764}
  m_RootOrder: 0
  m_LocalEulerAnglesHint: {x: 0, y: 0, z: 0}
--- !u!4 &4323162912025982
Transform:
  m_ObjectHideFlags: 1
  m_PrefabParentObject: {fileID: 0}
  m_PrefabInternal: {fileID: 100100000}
  m_GameObject: {fileID: 1753217234191346}
  m_LocalRotation: {x: 0.000009105231, y: -0.00016701008, z: -0.053835146, w: 0.9985498}
  m_LocalPosition: {x: -0.0076100193, y: -0.000000007858091, z: 0.0000000069848958}
  m_LocalScale: {x: 1.0000021, y: 0.99999726, z: 1.0000017}
  m_Children: []
  m_Father: {fileID: 4308379566684660}
  m_RootOrder: 0
  m_LocalEulerAnglesHint: {x: 0, y: 0, z: 0}
--- !u!4 &4324281808691516
Transform:
  m_ObjectHideFlags: 1
  m_PrefabParentObject: {fileID: 0}
  m_PrefabInternal: {fileID: 100100000}
  m_GameObject: {fileID: 1378787041120076}
  m_LocalRotation: {x: 0.03694967, y: -0.29009813, z: -0.030084603, w: 0.95581}
  m_LocalPosition: {x: -0.027256817, y: -0.00000001722947, z: -0.000000007450583}
  m_LocalScale: {x: 1.0000005, y: 1.0000004, z: 1.0000002}
  m_Children:
  - {fileID: 4112193967429672}
  m_Father: {fileID: 4368712695086082}
  m_RootOrder: 0
  m_LocalEulerAnglesHint: {x: 3.048, y: -33.888, z: -4.5350003}
--- !u!4 &4328416961759192
Transform:
  m_ObjectHideFlags: 1
  m_PrefabParentObject: {fileID: 0}
  m_PrefabInternal: {fileID: 100100000}
  m_GameObject: {fileID: 1769542838923374}
  m_LocalRotation: {x: -0.1608868, y: -0.79692334, z: 0.5766168, w: -0.08088052}
  m_LocalPosition: {x: -0.013544178, y: 0.0041676736, z: 0.053088136}
  m_LocalScale: {x: 1.0000007, y: 1.0000008, z: 1.0000014}
  m_Children:
  - {fileID: 4869239834581482}
  m_Father: {fileID: 4608744367869172}
  m_RootOrder: 3
  m_LocalEulerAnglesHint: {x: 0, y: 0, z: 0}
--- !u!4 &4331220806589298
Transform:
  m_ObjectHideFlags: 1
  m_PrefabParentObject: {fileID: 0}
  m_PrefabInternal: {fileID: 100100000}
  m_GameObject: {fileID: 1143349636193542}
  m_LocalRotation: {x: 0.010958063, y: 0.79446584, z: 0.026393801, w: 0.60663605}
  m_LocalPosition: {x: 0.012160894, y: 0.013618817, z: 0.02446976}
  m_LocalScale: {x: 1.0000001, y: 0.99999994, z: 0.9999997}
  m_Children:
  - {fileID: 4868646070086052}
  m_Father: {fileID: 4201759626635766}
  m_RootOrder: 1
  m_LocalEulerAnglesHint: {x: -1.7870001, y: 114.007, z: 2.8620002}
--- !u!4 &4368608858641614
Transform:
  m_ObjectHideFlags: 1
  m_PrefabParentObject: {fileID: 0}
  m_PrefabInternal: {fileID: 100100000}
  m_GameObject: {fileID: 1361102555233134}
  m_LocalRotation: {x: -0.00000013899987, y: 0.0000008195637, z: -0.026254809, w: 0.99965537}
  m_LocalPosition: {x: -0.0056450116, y: 0.0000000134314675, z: 0.0000000048639794}
  m_LocalScale: {x: 1.0000011, y: 1.0000004, z: 1.0000019}
  m_Children:
  - {fileID: 4921222970381724}
  m_Father: {fileID: 4256380035726702}
  m_RootOrder: 0
  m_LocalEulerAnglesHint: {x: 0, y: 0, z: 0}
--- !u!4 &4368712695086082
Transform:
  m_ObjectHideFlags: 1
  m_PrefabParentObject: {fileID: 0}
  m_PrefabInternal: {fileID: 100100000}
  m_GameObject: {fileID: 1594321122414066}
  m_LocalRotation: {x: 0.01095818, y: 0.7944661, z: -0.026394127, w: -0.60663575}
  m_LocalPosition: {x: 0.012160887, y: 0.01361882, z: -0.024469752}
  m_LocalScale: {x: 1.0000007, y: 0.9999999, z: 0.99999964}
  m_Children:
  - {fileID: 4324281808691516}
  m_Father: {fileID: 4201759626635766}
  m_RootOrder: 2
  m_LocalEulerAnglesHint: {x: 0, y: 0, z: 0}
--- !u!4 &4377224896606602
Transform:
  m_ObjectHideFlags: 1
  m_PrefabParentObject: {fileID: 0}
  m_PrefabInternal: {fileID: 100100000}
  m_GameObject: {fileID: 1818594770070120}
  m_LocalRotation: {x: -0.0070250956, y: 0.11692791, z: 0.99132806, w: -0.05955933}
  m_LocalPosition: {x: 0.03990673, y: -0.084380776, z: 0.039209273}
  m_LocalScale: {x: 1.0000011, y: 1.0000011, z: 1.0000006}
  m_Children:
  - {fileID: 4133979167592248}
  m_Father: {fileID: 4176829713369896}
  m_RootOrder: 1
  m_LocalEulerAnglesHint: {x: 0, y: 0, z: 0}
--- !u!4 &4390367420560430
Transform:
  m_ObjectHideFlags: 1
  m_PrefabParentObject: {fileID: 0}
  m_PrefabInternal: {fileID: 100100000}
  m_GameObject: {fileID: 1050892388534124}
  m_LocalRotation: {x: -0.031605344, y: -0.006790523, z: -0.4805081, w: 0.8763943}
  m_LocalPosition: {x: -0.06051421, y: 0.000000007450595, z: 0.0000000074505797}
  m_LocalScale: {x: 1.0000083, y: 0.9999914, z: 1.0000015}
  m_Children:
  - {fileID: 4739010538562794}
  m_Father: {fileID: 4533736552516608}
  m_RootOrder: 0
  m_LocalEulerAnglesHint: {x: 0, y: 0, z: 0}
--- !u!4 &4401404041023820
Transform:
  m_ObjectHideFlags: 1
  m_PrefabParentObject: {fileID: 0}
  m_PrefabInternal: {fileID: 100100000}
  m_GameObject: {fileID: 1767492780778394}
  m_LocalRotation: {x: -0.63198125, y: -0.43549344, z: -0.33680263, w: 0.5454441}
  m_LocalPosition: {x: -0.06915279, y: -0.000000027706843, z: -0.00000021036259}
  m_LocalScale: {x: 1.000002, y: 0.9999985, z: 1.0000004}
  m_Children:
  - {fileID: 4997333207477968}
  - {fileID: 4776968774961238}
  - {fileID: 4278569404039742}
  - {fileID: 4264726765050990}
  - {fileID: 4256380035726702}
  m_Father: {fileID: 4212504327661490}
  m_RootOrder: 0
  m_LocalEulerAnglesHint: {x: -100.65099, y: 15.491989, z: -82.01599}
--- !u!4 &4403526755333430
Transform:
  m_ObjectHideFlags: 1
  m_PrefabParentObject: {fileID: 0}
  m_PrefabInternal: {fileID: 100100000}
  m_GameObject: {fileID: 1633286614887214}
  m_LocalRotation: {x: -0.03154942, y: -0.5931515, z: -0.07838585, w: 0.80064446}
  m_LocalPosition: {x: -0.0026694534, y: -0.0034822123, z: -0.0013833769}
  m_LocalScale: {x: 0.999999, y: 1.0000025, z: 0.9999977}
  m_Children:
  - {fileID: 4449571535507556}
  m_Father: {fileID: 4446792631927316}
  m_RootOrder: 0
  m_LocalEulerAnglesHint: {x: 0, y: 0, z: 0}
--- !u!4 &4406794500738764
Transform:
  m_ObjectHideFlags: 1
  m_PrefabParentObject: {fileID: 0}
  m_PrefabInternal: {fileID: 100100000}
  m_GameObject: {fileID: 1734388972721882}
  m_LocalRotation: {x: -0.16088706, y: -0.79692316, z: -0.576617, w: 0.080880694}
  m_LocalPosition: {x: -0.013544197, y: 0.0041676736, z: -0.053088136}
  m_LocalScale: {x: 1.0000007, y: 1.0000005, z: 1.0000004}
  m_Children:
  - {fileID: 4322694273495570}
  m_Father: {fileID: 4608744367869172}
  m_RootOrder: 7
  m_LocalEulerAnglesHint: {x: 0, y: 0, z: 0}
--- !u!4 &4407096645489938
Transform:
  m_ObjectHideFlags: 1
  m_PrefabParentObject: {fileID: 0}
  m_PrefabInternal: {fileID: 100100000}
  m_GameObject: {fileID: 1475664471270676}
  m_LocalRotation: {x: 0.00000005960463, y: 0.000000039115537, z: 0.000000024214382,
    w: 1}
  m_LocalPosition: {x: -0.07042968, y: 0.000000009536743, z: -0.0000000047683715}
  m_LocalScale: {x: 1, y: 1, z: 0.9999998}
  m_Children: []
  m_Father: {fileID: 4196543355805236}
  m_RootOrder: 0
  m_LocalEulerAnglesHint: {x: 0, y: 0, z: 0}
--- !u!4 &4431902822144950
Transform:
  m_ObjectHideFlags: 1
  m_PrefabParentObject: {fileID: 0}
  m_PrefabInternal: {fileID: 100100000}
  m_GameObject: {fileID: 1325609681929788}
  m_LocalRotation: {x: -0.00000019375878, y: 0.00000015515926, z: -0.023595769, w: 0.9997216}
  m_LocalPosition: {x: -0.0074190274, y: -0.000000029776695, z: 0}
  m_LocalScale: {x: 0.9999991, y: 1.000001, z: 1.0000002}
  m_Children: []
  m_Father: {fileID: 4563168810009148}
  m_RootOrder: 0
  m_LocalEulerAnglesHint: {x: 0, y: 0, z: 0}
--- !u!4 &4446792631927316
Transform:
  m_ObjectHideFlags: 1
  m_PrefabParentObject: {fileID: 0}
  m_PrefabInternal: {fileID: 100100000}
  m_GameObject: {fileID: 1118409290086074}
  m_LocalRotation: {x: 0.7560786, y: 0.05227868, z: -0.009851043, w: 0.6523152}
  m_LocalPosition: {x: -0.0691527, y: 0.000000020954756, z: -0.00000023026931}
  m_LocalScale: {x: 0.9999985, y: 1.0000021, z: 1.0000006}
  m_Children:
  - {fileID: 4403526755333430}
  - {fileID: 4849231218563218}
  - {fileID: 4075023852500578}
  - {fileID: 4670381107746614}
  - {fileID: 4542993348320164}
  m_Father: {fileID: 4112193967429672}
  m_RootOrder: 0
  m_LocalEulerAnglesHint: {x: 142.205, y: -82.64099, z: -82.54599}
--- !u!4 &4449571535507556
Transform:
  m_ObjectHideFlags: 1
  m_PrefabParentObject: {fileID: 0}
  m_PrefabInternal: {fileID: 100100000}
  m_GameObject: {fileID: 1795331512735474}
  m_LocalRotation: {x: 0.000008793545, y: -0.00016555184, z: -0.05376373, w: 0.99855375}
  m_LocalPosition: {x: -0.014211172, y: -0.000000010942992, z: -0.000000020489123}
  m_LocalScale: {x: 0.99999934, y: 1.0000025, z: 0.99999875}
  m_Children:
  - {fileID: 4261389503099850}
  m_Father: {fileID: 4403526755333430}
  m_RootOrder: 0
  m_LocalEulerAnglesHint: {x: 0, y: 0, z: 0}
--- !u!4 &4452163724933056
Transform:
  m_ObjectHideFlags: 1
  m_PrefabParentObject: {fileID: 0}
  m_PrefabInternal: {fileID: 100100000}
  m_GameObject: {fileID: 1504760840798308}
  m_LocalRotation: {x: -0.0000001705484, y: 0.0000003501772, z: -0.022645717, w: 0.99974364}
  m_LocalPosition: {x: -0.007792226, y: 0.000000019446887, z: 0.0000000071268063}
  m_LocalScale: {x: 1.0000015, y: 1.000001, z: 1.0000018}
  m_Children:
  - {fileID: 4514266472439712}
  m_Father: {fileID: 4278569404039742}
  m_RootOrder: 0
  m_LocalEulerAnglesHint: {x: 0, y: 0, z: 0}
--- !u!4 &4458614151742692
Transform:
  m_ObjectHideFlags: 1
  m_PrefabParentObject: {fileID: 0}
  m_PrefabInternal: {fileID: 100100000}
  m_GameObject: {fileID: 1892155137452222}
  m_LocalRotation: {x: -0.00000009784706, y: -0.000000013969835, z: 0.000000013154928,
    w: 1}
  m_LocalPosition: {x: -0.07042967, y: 0, z: 0}
  m_LocalScale: {x: 1.0000002, y: 1.0000002, z: 1.0000001}
  m_Children: []
  m_Father: {fileID: 4651320186052878}
  m_RootOrder: 0
  m_LocalEulerAnglesHint: {x: 0, y: 0, z: 0}
--- !u!4 &4492536111017880
Transform:
  m_ObjectHideFlags: 1
  m_PrefabParentObject: {fileID: 0}
  m_PrefabInternal: {fileID: 100100000}
  m_GameObject: {fileID: 1209878753192460}
  m_LocalRotation: {x: 0.000012636184, y: 0.00000011920928, z: -0.0015285312, w: -0.99999887}
  m_LocalPosition: {x: -0.022393435, y: 0.011703318, z: -0.0000000027939677}
  m_LocalScale: {x: 1.000001, y: 1.000001, z: 1.0000007}
  m_Children:
  - {fileID: 4543595785614714}
  m_Father: {fileID: 4608744367869172}
  m_RootOrder: 0
  m_LocalEulerAnglesHint: {x: 0, y: 0, z: 0}
--- !u!4 &4492884013899908
Transform:
  m_ObjectHideFlags: 1
  m_PrefabParentObject: {fileID: 0}
  m_PrefabInternal: {fileID: 100100000}
  m_GameObject: {fileID: 1061024996557192}
  m_LocalRotation: {x: -0.12133524, y: -0.9800017, z: -0.15718804, w: 0.012901187}
  m_LocalPosition: {x: -0.015547523, y: -0.023216039, z: -0.022647962}
  m_LocalScale: {x: 1.0000011, y: 1.0000008, z: 1.0000008}
  m_Children:
  - {fileID: 4134437394910172}
  m_Father: {fileID: 4608744367869172}
  m_RootOrder: 5
  m_LocalEulerAnglesHint: {x: 0, y: 0, z: 0}
--- !u!4 &4496495399238496
Transform:
  m_ObjectHideFlags: 1
  m_PrefabParentObject: {fileID: 0}
  m_PrefabInternal: {fileID: 100100000}
  m_GameObject: {fileID: 1806587739500116}
  m_LocalRotation: {x: -0.0104475925, y: -0.9994152, z: 0.032419715, w: 0.0030130448}
  m_LocalPosition: {x: 0.020484716, y: 0.010535911, z: -0.034624424}
  m_LocalScale: {x: 1.0000007, y: 1, z: 1.0000008}
  m_Children:
  - {fileID: 4533736552516608}
  m_Father: {fileID: 4608744367869172}
  m_RootOrder: 9
  m_LocalEulerAnglesHint: {x: 0, y: 0, z: 0}
--- !u!4 &4510447894372956
Transform:
  m_ObjectHideFlags: 1
  m_PrefabParentObject: {fileID: 0}
  m_PrefabInternal: {fileID: 100100000}
  m_GameObject: {fileID: 1498655537503630}
  m_LocalRotation: {x: 0.00000005401671, y: -0.000000059604645, z: -0.000000014901161,
    w: 1}
  m_LocalPosition: {x: -0.02388834, y: 0, z: 0.000000009536743}
  m_LocalScale: {x: 1, y: 1.0000005, z: 1.0000008}
  m_Children: []
  m_Father: {fileID: 4226923235136100}
  m_RootOrder: 0
  m_LocalEulerAnglesHint: {x: 0, y: 0, z: 0}
--- !u!4 &4514266472439712
Transform:
  m_ObjectHideFlags: 1
  m_PrefabParentObject: {fileID: 0}
  m_PrefabInternal: {fileID: 100100000}
  m_GameObject: {fileID: 1714671167206080}
  m_LocalRotation: {x: -0.000000016458086, y: 0.00000039110986, z: -0.022645978, w: 0.9997436}
  m_LocalPosition: {x: -0.007792199, y: 0.000000030832048, z: 0.0000000027721412}
  m_LocalScale: {x: 1.0000006, y: 1.0000002, z: 1.0000006}
  m_Children: []
  m_Father: {fileID: 4452163724933056}
  m_RootOrder: 0
  m_LocalEulerAnglesHint: {x: 0, y: 0, z: 0}
--- !u!4 &4525312881902250
Transform:
  m_ObjectHideFlags: 1
  m_PrefabParentObject: {fileID: 0}
  m_PrefabInternal: {fileID: 100100000}
  m_GameObject: {fileID: 1530990045168838}
  m_LocalRotation: {x: -0.000000058324055, y: -0, z: -0.022646477, w: 0.9997436}
  m_LocalPosition: {x: -0.0077922037, y: -0.000000014952038, z: 0.0000000048894413}
  m_LocalScale: {x: 1.0000002, y: 1.0000005, z: 0.99999994}
  m_Children:
  - {fileID: 4230156357985028}
  m_Father: {fileID: 4075023852500578}
  m_RootOrder: 0
  m_LocalEulerAnglesHint: {x: 0, y: 0, z: 0}
--- !u!4 &4533736552516608
Transform:
  m_ObjectHideFlags: 1
  m_PrefabParentObject: {fileID: 0}
  m_PrefabInternal: {fileID: 100100000}
  m_GameObject: {fileID: 1578528982781512}
  m_LocalRotation: {x: 0.008613981, y: -0.0008116304, z: 0.096920535, w: 0.9952545}
  m_LocalPosition: {x: -0.0580695, y: 0.000000026077032, z: -0.0000000296277}
  m_LocalScale: {x: 1.0000024, y: 0.9999995, z: 1.0000006}
  m_Children:
  - {fileID: 4390367420560430}
  m_Father: {fileID: 4496495399238496}
  m_RootOrder: 0
  m_LocalEulerAnglesHint: {x: 0, y: 0, z: 0}
--- !u!4 &4542993348320164
Transform:
  m_ObjectHideFlags: 1
  m_PrefabParentObject: {fileID: 0}
  m_PrefabInternal: {fileID: 100100000}
  m_GameObject: {fileID: 1778712672900970}
  m_LocalRotation: {x: -0.0029762078, y: 0.23347634, z: -0.005303053, w: 0.9723435}
  m_LocalPosition: {x: -0.017638965, y: 0.0004799745, z: 0.0106941}
  m_LocalScale: {x: 0.9999996, y: 1.0000002, z: 1.0000002}
  m_Children:
  - {fileID: 4285662838939446}
  m_Father: {fileID: 4446792631927316}
  m_RootOrder: 4
  m_LocalEulerAnglesHint: {x: 0, y: 0, z: 0}
--- !u!4 &4543595785614714
Transform:
  m_ObjectHideFlags: 1
  m_PrefabParentObject: {fileID: 0}
  m_PrefabInternal: {fileID: 100100000}
  m_GameObject: {fileID: 1871338656951724}
  m_LocalRotation: {x: 0.0010138762, y: 0.16556846, z: 0.002929731, w: 0.9861935}
  m_LocalPosition: {x: -0.033041347, y: 9.589964e-10, z: 0.000000027090396}
  m_LocalScale: {x: 1.0000005, y: 1.0000006, z: 0.9999998}
  m_Children:
  - {fileID: 4293779975754596}
  m_Father: {fileID: 4492536111017880}
  m_RootOrder: 0
  m_LocalEulerAnglesHint: {x: 0.059000004, y: 19.061, z: 0.35000002}
--- !u!4 &4563168810009148
Transform:
  m_ObjectHideFlags: 1
  m_PrefabParentObject: {fileID: 0}
  m_PrefabInternal: {fileID: 100100000}
  m_GameObject: {fileID: 1491420706509368}
  m_LocalRotation: {x: -0.000000056577825, y: -0.000000029802312, z: -0.053156354,
    w: 0.99858624}
  m_LocalPosition: {x: -0.0074190465, y: -0.000000020161613, z: -4.6566098e-10}
  m_LocalScale: {x: 0.99999905, y: 1.000001, z: 0.99999976}
  m_Children:
  - {fileID: 4431902822144950}
  m_Father: {fileID: 4670381107746614}
  m_RootOrder: 0
  m_LocalEulerAnglesHint: {x: 0, y: 0, z: 0}
--- !u!4 &4572716599553300
Transform:
  m_ObjectHideFlags: 1
  m_PrefabParentObject: {fileID: 0}
  m_PrefabInternal: {fileID: 100100000}
  m_GameObject: {fileID: 1914987193365304}
  m_LocalRotation: {x: 0.50000006, y: -0.50000006, z: -0.49999994, w: 0.49999994}
  m_LocalPosition: {x: 0.035180755, y: -3.133216e-10, z: 0.00058279186}
  m_LocalScale: {x: 0.99999994, y: 0.99999994, z: 0.99999994}
  m_Children: []
  m_Father: {fileID: 4238646636166878}
  m_RootOrder: 2
  m_LocalEulerAnglesHint: {x: 0, y: 0, z: 0}
--- !u!4 &4575060029495972
Transform:
  m_ObjectHideFlags: 1
  m_PrefabParentObject: {fileID: 0}
  m_PrefabInternal: {fileID: 100100000}
  m_GameObject: {fileID: 1498184135741754}
  m_LocalRotation: {x: -0.12133471, y: -0.98000175, z: 0.15718807, w: -0.012901007}
  m_LocalPosition: {x: -0.015547523, y: -0.023216039, z: 0.022647962}
  m_LocalScale: {x: 1.0000008, y: 1.0000011, z: 1.000001}
  m_Children:
  - {fileID: 4838537361443364}
  m_Father: {fileID: 4608744367869172}
  m_RootOrder: 4
  m_LocalEulerAnglesHint: {x: 0, y: 0, z: 0}
--- !u!4 &4608744367869172
Transform:
  m_ObjectHideFlags: 1
  m_PrefabParentObject: {fileID: 0}
  m_PrefabInternal: {fileID: 100100000}
  m_GameObject: {fileID: 1805490292719744}
  m_LocalRotation: {x: -0.5, y: 0.50000006, z: 0.49999994, w: -0.5}
  m_LocalPosition: {x: -0.00037892186, y: -0.034395963, z: -0.01480028}
  m_LocalScale: {x: 0.99999994, y: 0.99999994, z: 0.99999994}
  m_Children:
  - {fileID: 4492536111017880}
  - {fileID: 4731503958187104}
  - {fileID: 4226923235136100}
  - {fileID: 4328416961759192}
  - {fileID: 4575060029495972}
  - {fileID: 4492884013899908}
  - {fileID: 4888923338229850}
  - {fileID: 4406794500738764}
  - {fileID: 4723685953792944}
  - {fileID: 4496495399238496}
  m_Father: {fileID: 4238646636166878}
  m_RootOrder: 5
  m_LocalEulerAnglesHint: {x: 0, y: 0, z: 0}
--- !u!4 &4651320186052878
Transform:
  m_ObjectHideFlags: 1
  m_PrefabParentObject: {fileID: 0}
  m_PrefabInternal: {fileID: 100100000}
  m_GameObject: {fileID: 1865485540645318}
  m_LocalRotation: {x: -0.0070250463, y: 0.1169279, z: -0.991328, w: 0.059559308}
  m_LocalPosition: {x: 0.03990673, y: -0.084380776, z: -0.039209273}
  m_LocalScale: {x: 1.0000007, y: 1.0000008, z: 1.0000008}
  m_Children:
  - {fileID: 4458614151742692}
  m_Father: {fileID: 4176829713369896}
  m_RootOrder: 0
  m_LocalEulerAnglesHint: {x: 0, y: 0, z: 0}
--- !u!4 &4670381107746614
Transform:
  m_ObjectHideFlags: 1
  m_PrefabParentObject: {fileID: 0}
  m_PrefabInternal: {fileID: 100100000}
  m_GameObject: {fileID: 1165028581169040}
  m_LocalRotation: {x: -0.0018705123, y: -0.16014636, z: 0.009439189, w: 0.9870464}
  m_LocalPosition: {x: -0.01661247, y: 0.0010322831, z: -0.009811231}
  m_LocalScale: {x: 1.0000004, y: 0.9999997, z: 1.0000004}
  m_Children:
  - {fileID: 4563168810009148}
  m_Father: {fileID: 4446792631927316}
  m_RootOrder: 3
  m_LocalEulerAnglesHint: {x: 0, y: 0, z: 0}
--- !u!4 &4723685953792944
Transform:
  m_ObjectHideFlags: 1
  m_PrefabParentObject: {fileID: 0}
  m_PrefabInternal: {fileID: 100100000}
  m_GameObject: {fileID: 1619125871477452}
  m_LocalRotation: {x: -0.010450065, y: -0.99941385, z: -0.03246002, w: -0.003015682}
  m_LocalPosition: {x: 0.020484716, y: 0.010535911, z: 0.034624428}
  m_LocalScale: {x: 1.0000005, y: 1.0000001, z: 1.0000001}
  m_Children:
  - {fileID: 4071367416383680}
  m_Father: {fileID: 4608744367869172}
  m_RootOrder: 8
  m_LocalEulerAnglesHint: {x: 0, y: 0, z: 0}
--- !u!4 &4731503958187104
Transform:
  m_ObjectHideFlags: 1
  m_PrefabParentObject: {fileID: 0}
  m_PrefabInternal: {fileID: 100100000}
  m_GameObject: {fileID: 1267528159332126}
  m_LocalRotation: {x: 0.00000005960465, y: -0, z: 0.9951257, w: -0.0986147}
  m_LocalPosition: {x: -0.0036292456, y: 0.058147773, z: -3.410605e-15}
  m_LocalScale: {x: 1.0000005, y: 1.0000006, z: 1}
  m_Children:
  - {fileID: 4854019545326158}
  m_Father: {fileID: 4608744367869172}
  m_RootOrder: 1
  m_LocalEulerAnglesHint: {x: 0, y: 0, z: 0}
--- !u!4 &4735948743419720
Transform:
  m_ObjectHideFlags: 1
  m_PrefabParentObject: {fileID: 0}
  m_PrefabInternal: {fileID: 100100000}
  m_GameObject: {fileID: 1528916968840626}
  m_LocalRotation: {x: 0.031635083, y: 0.0068149725, z: -0.48016658, w: 0.87658024}
  m_LocalPosition: {x: -0.060514208, y: 0.000000003725292, z: 0.000000006519258}
  m_LocalScale: {x: 0.99999756, y: 1.0000029, z: 0.9999995}
  m_Children:
  - {fileID: 4234832771416098}
  m_Father: {fileID: 4071367416383680}
  m_RootOrder: 0
  m_LocalEulerAnglesHint: {x: 0, y: 0, z: 0}
--- !u!4 &4739010538562794
Transform:
  m_ObjectHideFlags: 1
  m_PrefabParentObject: {fileID: 0}
  m_PrefabInternal: {fileID: 100100000}
  m_GameObject: {fileID: 1451725433575514}
  m_LocalRotation: {x: 0.002164062, y: -0.0104131345, z: -0.38164547, w: 0.9242476}
  m_LocalPosition: {x: -0.025070375, y: 0.0020832575, z: -0.000055301873}
  m_LocalScale: {x: 1.0000062, y: 0.9999938, z: 1}
  m_Children: []
  m_Father: {fileID: 4390367420560430}
  m_RootOrder: 0
  m_LocalEulerAnglesHint: {x: -0.22600001, y: -1.1980001, z: -19.912}
--- !u!4 &4742426805658764
Transform:
  m_ObjectHideFlags: 1
  m_PrefabParentObject: {fileID: 0}
  m_PrefabInternal: {fileID: 100100000}
  m_GameObject: {fileID: 1533586643002972}
  m_LocalRotation: {x: 0.0000001228288, y: -0.000000012215332, z: -0.022521673, w: 0.99974644}
  m_LocalPosition: {x: -0.0056448905, y: -0.000000010131719, z: -0.0000000043510253}
  m_LocalScale: {x: 1.0000001, y: 1.0000008, z: 0.9999993}
  m_Children: []
  m_Father: {fileID: 4285662838939446}
  m_RootOrder: 0
  m_LocalEulerAnglesHint: {x: 0, y: 0, z: 0}
--- !u!4 &4750811619860546
Transform:
  m_ObjectHideFlags: 1
  m_PrefabParentObject: {fileID: 0}
  m_PrefabInternal: {fileID: 100100000}
  m_GameObject: {fileID: 1797882272976602}
  m_LocalRotation: {x: 0.000000090841766, y: -0.00000032500031, z: -0.023595009, w: 0.99972165}
  m_LocalPosition: {x: -0.007419015, y: 0.000000023990786, z: -6.25733e-10}
  m_LocalScale: {x: 1.0000011, y: 0.99999994, z: 1.0000002}
  m_Children: []
  m_Father: {fileID: 4115704933391388}
  m_RootOrder: 0
  m_LocalEulerAnglesHint: {x: 0, y: 0, z: 0}
--- !u!4 &4776968774961238
Transform:
  m_ObjectHideFlags: 1
  m_PrefabParentObject: {fileID: 0}
  m_PrefabInternal: {fileID: 100100000}
  m_GameObject: {fileID: 1407004347892278}
  m_LocalRotation: {x: -0.00036793938, y: 0.03989877, z: -0.0092337895, w: 0.99916106}
  m_LocalPosition: {x: -0.017103069, y: 0.0010507598, z: 0.0028067252}
  m_LocalScale: {x: 1.0000011, y: 0.99999994, z: 1.000001}
  m_Children:
  - {fileID: 4876894731470134}
  m_Father: {fileID: 4401404041023820}
  m_RootOrder: 1
  m_LocalEulerAnglesHint: {x: 0, y: 0, z: 0}
--- !u!4 &4791425771883352
Transform:
  m_ObjectHideFlags: 1
  m_PrefabParentObject: {fileID: 0}
  m_PrefabInternal: {fileID: 100100000}
  m_GameObject: {fileID: 1253639992736056}
  m_LocalRotation: {x: 0.0000005649047, y: 0.000014933035, z: 0.032696094, w: -0.99946535}
  m_LocalPosition: {x: -0.00025270073, y: 0.009942482, z: 0}
  m_LocalScale: {x: 1.0000008, y: 1.0000008, z: 1.0000012}
  m_Children:
  - {fileID: 4300731202655894}
  m_Father: {fileID: 4201759626635766}
  m_RootOrder: 0
  m_LocalEulerAnglesHint: {x: -0.096, y: 10.240001, z: -4.9110003}
--- !u!4 &4838537361443364
Transform:
  m_ObjectHideFlags: 1
  m_PrefabParentObject: {fileID: 0}
  m_PrefabInternal: {fileID: 100100000}
  m_GameObject: {fileID: 1004098219186736}
  m_LocalRotation: {x: -0.000000017811546, y: -0.000000018626453, z: 0.000000081956394,
    w: 1}
  m_LocalPosition: {x: -0.023888329, y: -0.000000019073486, z: 0.0000000023841857}
  m_LocalScale: {x: 0.99999994, y: 1.0000002, z: 1}
  m_Children: []
  m_Father: {fileID: 4575060029495972}
  m_RootOrder: 0
  m_LocalEulerAnglesHint: {x: 0, y: 0, z: 0}
--- !u!4 &4849231218563218
Transform:
  m_ObjectHideFlags: 1
  m_PrefabParentObject: {fileID: 0}
  m_PrefabInternal: {fileID: 100100000}
  m_GameObject: {fileID: 1485208290012804}
  m_LocalRotation: {x: 0.0003677009, y: -0.039899204, z: -0.009233965, w: 0.999161}
  m_LocalPosition: {x: -0.01710302, y: 0.0010506551, z: -0.0028067147}
  m_LocalScale: {x: 1, y: 1.0000001, z: 1.0000002}
  m_Children:
  - {fileID: 4023797949182818}
  m_Father: {fileID: 4446792631927316}
  m_RootOrder: 1
  m_LocalEulerAnglesHint: {x: 0, y: 0, z: 0}
--- !u!4 &4854019545326158
Transform:
  m_ObjectHideFlags: 1
  m_PrefabParentObject: {fileID: 0}
  m_PrefabInternal: {fileID: 100100000}
  m_GameObject: {fileID: 1699112721517768}
  m_LocalRotation: {x: 4.440892e-16, y: 3.5527137e-15, z: -0, w: 1}
  m_LocalPosition: {x: -0.023888359, y: 0, z: 0}
  m_LocalScale: {x: 1.0000004, y: 1.0000002, z: 1}
  m_Children: []
  m_Father: {fileID: 4731503958187104}
  m_RootOrder: 0
  m_LocalEulerAnglesHint: {x: 0, y: 0, z: 0}
--- !u!4 &4868646070086052
Transform:
  m_ObjectHideFlags: 1
  m_PrefabParentObject: {fileID: 0}
  m_PrefabInternal: {fileID: 100100000}
  m_GameObject: {fileID: 1685273897711528}
  m_LocalRotation: {x: 0.33005303, y: -0.105579205, z: -0.62232345, w: 0.7018772}
  m_LocalPosition: {x: -0.027257513, y: 0.00000036077114, z: -0.0000015720731}
  m_LocalScale: {x: 0.9999998, y: 1.0000001, z: 1.0000002}
  m_Children:
  - {fileID: 4212504327661490}
  m_Father: {fileID: 4331220806589298}
  m_RootOrder: 0
  m_LocalEulerAnglesHint: {x: 19.384, y: -36.342003, z: -89.54101}
--- !u!4 &4869239834581482
Transform:
  m_ObjectHideFlags: 1
  m_PrefabParentObject: {fileID: 0}
  m_PrefabInternal: {fileID: 100100000}
  m_GameObject: {fileID: 1661345246600976}
  m_LocalRotation: {x: 0.000000004656613, y: 0.000000022351742, z: -0.000000014901161,
    w: 1}
  m_LocalPosition: {x: -0.02388834, y: -0.000000009536743, z: -0.0000000011920929}
  m_LocalScale: {x: 0.9999998, y: 0.99999976, z: 0.99999964}
  m_Children: []
  m_Father: {fileID: 4328416961759192}
  m_RootOrder: 0
  m_LocalEulerAnglesHint: {x: 0, y: 0, z: 0}
--- !u!4 &4871047927405872
Transform:
  m_ObjectHideFlags: 1
  m_PrefabParentObject: {fileID: 0}
  m_PrefabInternal: {fileID: 100100000}
  m_GameObject: {fileID: 1076920066977704}
  m_LocalRotation: {x: 0.50000006, y: -0.50000006, z: -0.49999994, w: 0.49999994}
  m_LocalPosition: {x: -0.035180755, y: -3.133198e-10, z: 0.00058278115}
  m_LocalScale: {x: 0.99999994, y: 0.99999994, z: 0.99999994}
  m_Children: []
  m_Father: {fileID: 4238646636166878}
  m_RootOrder: 1
  m_LocalEulerAnglesHint: {x: 0, y: 0, z: 0}
--- !u!4 &4876894731470134
Transform:
  m_ObjectHideFlags: 1
  m_PrefabParentObject: {fileID: 0}
  m_PrefabInternal: {fileID: 100100000}
  m_GameObject: {fileID: 1778259636806946}
  m_LocalRotation: {x: -0.000000005209584, y: 0.00000014156097, z: -0.026070781, w: 0.99966013}
  m_LocalPosition: {x: -0.008316445, y: 0.000000003943584, z: 0.0000000016589201}
  m_LocalScale: {x: 1.0000006, y: 1.0000004, z: 0.99999994}
  m_Children:
  - {fileID: 4010814961917954}
  m_Father: {fileID: 4776968774961238}
  m_RootOrder: 0
  m_LocalEulerAnglesHint: {x: 0, y: 0, z: 0}
--- !u!4 &4888923338229850
Transform:
  m_ObjectHideFlags: 1
  m_PrefabParentObject: {fileID: 0}
  m_PrefabInternal: {fileID: 100100000}
  m_GameObject: {fileID: 1254716776241284}
  m_LocalRotation: {x: -0.113674074, y: -0.3672811, z: -0.9181352, w: 0.09597194}
  m_LocalPosition: {x: -0.008041382, y: 0.04422002, z: -0.043032337}
  m_LocalScale: {x: 1.0000012, y: 1.000001, z: 1.0000002}
  m_Children:
  - {fileID: 4154900731045986}
  m_Father: {fileID: 4608744367869172}
  m_RootOrder: 6
  m_LocalEulerAnglesHint: {x: 0, y: 0, z: 0}
--- !u!4 &4919999570979062
Transform:
  m_ObjectHideFlags: 1
  m_PrefabParentObject: {fileID: 0}
  m_PrefabInternal: {fileID: 100100000}
  m_GameObject: {fileID: 1818533882639538}
  m_LocalRotation: {x: 0.50000006, y: -0.50000006, z: -0.49999994, w: 0.49999994}
  m_LocalPosition: {x: -0, y: 0, z: 0}
  m_LocalScale: {x: 0.99999994, y: 0.99999994, z: 0.99999994}
  m_Children: []
  m_Father: {fileID: 4238646636166878}
  m_RootOrder: 0
  m_LocalEulerAnglesHint: {x: 0, y: 0, z: 0}
--- !u!4 &4921222970381724
Transform:
  m_ObjectHideFlags: 1
  m_PrefabParentObject: {fileID: 0}
  m_PrefabInternal: {fileID: 100100000}
  m_GameObject: {fileID: 1639170498769424}
  m_LocalRotation: {x: -0.00000028358392, y: 0.00000050270563, z: -0.022521123, w: 0.99974644}
  m_LocalPosition: {x: -0.005644891, y: 0.0000000052641846, z: 0.0000000045620236}
  m_LocalScale: {x: 1.0000002, y: 1.0000001, z: 1.0000012}
  m_Children: []
  m_Father: {fileID: 4368608858641614}
  m_RootOrder: 0
  m_LocalEulerAnglesHint: {x: 0, y: 0, z: 0}
--- !u!4 &4997333207477968
Transform:
  m_ObjectHideFlags: 1
  m_PrefabParentObject: {fileID: 0}
  m_PrefabInternal: {fileID: 100100000}
  m_GameObject: {fileID: 1246637594392134}
  m_LocalRotation: {x: 0.031548303, y: 0.59314805, z: -0.07838404, w: 0.80064726}
  m_LocalPosition: {x: -0.002669422, y: -0.0034822044, z: 0.001383374}
  m_LocalScale: {x: 1.0000008, y: 0.99999756, z: 1.0000024}
  m_Children:
  - {fileID: 4308379566684660}
  m_Father: {fileID: 4401404041023820}
  m_RootOrder: 0
  m_LocalEulerAnglesHint: {x: 0, y: 0, z: 0}
--- !u!95 &95801687470167132
Animator:
  serializedVersion: 3
  m_ObjectHideFlags: 1
  m_PrefabParentObject: {fileID: 0}
  m_PrefabInternal: {fileID: 100100000}
  m_GameObject: {fileID: 1082180012099918}
  m_Enabled: 1
  m_Avatar: {fileID: 9000000, guid: a0daa32ad8907834baf5ffa42abcc31a, type: 3}
  m_Controller: {fileID: 0}
  m_CullingMode: 1
  m_UpdateMode: 0
  m_ApplyRootMotion: 1
  m_LinearVelocityBlending: 0
  m_WarningMessage: 
  m_HasTransformHierarchy: 1
  m_AllowConstantClipSamplingOptimization: 1
--- !u!137 &137464413450400254
SkinnedMeshRenderer:
  m_ObjectHideFlags: 1
  m_PrefabParentObject: {fileID: 0}
  m_PrefabInternal: {fileID: 100100000}
  m_GameObject: {fileID: 1966252515590282}
  m_Enabled: 1
  m_CastShadows: 1
  m_ReceiveShadows: 1
  m_MotionVectors: 1
  m_LightProbeUsage: 1
  m_ReflectionProbeUsage: 1
  m_Materials:
  - {fileID: 2100000, guid: 19a825ae9b80ecd4bb2f445db66e27fe, type: 2}
  m_StaticBatchInfo:
    firstSubMesh: 0
    subMeshCount: 0
  m_StaticBatchRoot: {fileID: 0}
  m_ProbeAnchor: {fileID: 0}
  m_LightProbeVolumeOverride: {fileID: 0}
  m_ScaleInLightmap: 1
  m_PreserveUVs: 0
  m_IgnoreNormalsForChartDetection: 0
  m_ImportantGI: 0
  m_SelectedEditorRenderState: 3
  m_MinimumChartSize: 4
  m_AutoUVMaxDistance: 0.5
  m_AutoUVMaxAngle: 89
  m_LightmapParameters: {fileID: 0}
  m_SortingLayerID: 0
  m_SortingLayer: 0
  m_SortingOrder: 0
  serializedVersion: 2
  m_Quality: 0
  m_UpdateWhenOffscreen: 0
  m_SkinnedMotionVectors: 1
  m_Mesh: {fileID: 4300002, guid: a0daa32ad8907834baf5ffa42abcc31a, type: 3}
  m_Bones:
  - {fileID: 4176829713369896}
  - {fileID: 4651320186052878}
  - {fileID: 4377224896606602}
  - {fileID: 4133979167592248}
  - {fileID: 4196543355805236}
  - {fileID: 4407096645489938}
  - {fileID: 4458614151742692}
  - {fileID: 4173058811168892}
  - {fileID: 4055463703380616}
  m_BlendShapeWeights: []
  m_RootBone: {fileID: 4176829713369896}
  m_AABB:
    m_Center: {x: -0.060288846, y: -0.006838694, z: 0.0000018030405}
    m_Extent: {x: 0.2311694, y: 0.16503747, z: 0.15945327}
  m_DirtyAABB: 0
--- !u!137 &137988301106313094
SkinnedMeshRenderer:
  m_ObjectHideFlags: 1
  m_PrefabParentObject: {fileID: 0}
  m_PrefabInternal: {fileID: 100100000}
  m_GameObject: {fileID: 1989122723121616}
  m_Enabled: 1
  m_CastShadows: 1
  m_ReceiveShadows: 1
  m_MotionVectors: 1
  m_LightProbeUsage: 1
  m_ReflectionProbeUsage: 1
  m_Materials:
  - {fileID: 2100000, guid: 19a825ae9b80ecd4bb2f445db66e27fe, type: 2}
  m_StaticBatchInfo:
    firstSubMesh: 0
    subMeshCount: 0
  m_StaticBatchRoot: {fileID: 0}
  m_ProbeAnchor: {fileID: 0}
  m_LightProbeVolumeOverride: {fileID: 0}
  m_ScaleInLightmap: 1
  m_PreserveUVs: 0
  m_IgnoreNormalsForChartDetection: 0
  m_ImportantGI: 0
  m_SelectedEditorRenderState: 3
  m_MinimumChartSize: 4
  m_AutoUVMaxDistance: 0.5
  m_AutoUVMaxAngle: 89
  m_LightmapParameters: {fileID: 0}
  m_SortingLayerID: 0
  m_SortingLayer: 0
  m_SortingOrder: 0
  serializedVersion: 2
  m_Quality: 0
  m_UpdateWhenOffscreen: 0
  m_SkinnedMotionVectors: 1
  m_Mesh: {fileID: 4300000, guid: a0daa32ad8907834baf5ffa42abcc31a, type: 3}
  m_Bones:
  - {fileID: 4201759626635766}
  - {fileID: 4791425771883352}
  - {fileID: 4543595785614714}
  - {fileID: 4331220806589298}
  - {fileID: 4492536111017880}
  - {fileID: 4731503958187104}
  - {fileID: 4226923235136100}
  - {fileID: 4608744367869172}
  - {fileID: 4328416961759192}
  - {fileID: 4868646070086052}
  - {fileID: 4575060029495972}
  - {fileID: 4492884013899908}
  - {fileID: 4212504327661490}
  - {fileID: 4854019545326158}
  - {fileID: 4510447894372956}
  - {fileID: 4838537361443364}
  - {fileID: 4134437394910172}
  - {fileID: 4869239834581482}
  - {fileID: 4176829713369896}
  - {fileID: 4368712695086082}
  - {fileID: 4888923338229850}
  - {fileID: 4406794500738764}
  - {fileID: 4324281808691516}
  - {fileID: 4112193967429672}
  - {fileID: 4154900731045986}
  - {fileID: 4322694273495570}
  - {fileID: 4997333207477968}
  - {fileID: 4401404041023820}
  - {fileID: 4776968774961238}
  - {fileID: 4278569404039742}
  - {fileID: 4452163724933056}
  - {fileID: 4876894731470134}
  - {fileID: 4264726765050990}
  - {fileID: 4115704933391388}
  - {fileID: 4256380035726702}
  - {fileID: 4308379566684660}
  - {fileID: 4368608858641614}
  - {fileID: 4921222970381724}
  - {fileID: 4514266472439712}
  - {fileID: 4010814961917954}
  - {fileID: 4750811619860546}
  - {fileID: 4323162912025982}
  - {fileID: 4403526755333430}
  - {fileID: 4446792631927316}
  - {fileID: 4849231218563218}
  - {fileID: 4075023852500578}
  - {fileID: 4525312881902250}
  - {fileID: 4023797949182818}
  - {fileID: 4670381107746614}
  - {fileID: 4563168810009148}
  - {fileID: 4542993348320164}
  - {fileID: 4449571535507556}
  - {fileID: 4285662838939446}
  - {fileID: 4742426805658764}
  - {fileID: 4230156357985028}
  - {fileID: 4253953581700802}
  - {fileID: 4431902822144950}
  - {fileID: 4261389503099850}
  - {fileID: 4723685953792944}
  - {fileID: 4071367416383680}
  - {fileID: 4496495399238496}
  - {fileID: 4735948743419720}
  - {fileID: 4234832771416098}
  - {fileID: 4533736552516608}
  - {fileID: 4390367420560430}
  - {fileID: 4739010538562794}
  m_BlendShapeWeights: []
  m_RootBone: {fileID: 4608744367869172}
  m_AABB:
    m_Center: {x: -0.14037111, y: -0.034700632, z: -0.000000059604645}
    m_Extent: {x: 0.3252215, y: 0.15276602, z: 0.22350919}
  m_DirtyAABB: 0
