%YAML 1.1
%TAG !u! tag:unity3d.com,2011:
--- !u!1001 &100100000
Prefab:
  m_ObjectHideFlags: 1
  serializedVersion: 2
  m_Modification:
    m_TransformParent: {fileID: 0}
    m_Modifications: []
    m_RemovedComponents: []
  m_ParentPrefab: {fileID: 0}
  m_RootGameObject: {fileID: 1054890854362092}
  m_IsPrefabParent: 1
--- !u!1 &1011577893364586
GameObject:
  m_ObjectHideFlags: 1
  m_PrefabParentObject: {fileID: 0}
  m_PrefabInternal: {fileID: 100100000}
  serializedVersion: 5
  m_Component:
  - component: {fileID: 4775646380562680}
  m_Layer: 0
  m_Name: Base HumanLThigh
  m_TagString: Untagged
  m_Icon: {fileID: 0}
  m_NavMeshLayer: 0
  m_StaticEditorFlags: 0
  m_IsActive: 1
--- !u!1 &1015214455791522
GameObject:
  m_ObjectHideFlags: 1
  m_PrefabParentObject: {fileID: 0}
  m_PrefabInternal: {fileID: 100100000}
  serializedVersion: 5
  m_Component:
  - component: {fileID: 4317984487055562}
  m_Layer: 0
  m_Name: Base HumanRDigit22
  m_TagString: Untagged
  m_Icon: {fileID: 0}
  m_NavMeshLayer: 0
  m_StaticEditorFlags: 0
  m_IsActive: 1
--- !u!1 &1015893943243044
GameObject:
  m_ObjectHideFlags: 1
  m_PrefabParentObject: {fileID: 0}
  m_PrefabInternal: {fileID: 100100000}
  serializedVersion: 5
  m_Component:
  - component: {fileID: 4563109949730418}
  m_Layer: 0
  m_Name: Base HumanSkirt12
  m_TagString: Untagged
  m_Icon: {fileID: 0}
  m_NavMeshLayer: 0
  m_StaticEditorFlags: 0
  m_IsActive: 1
--- !u!1 &1016045452770780
GameObject:
  m_ObjectHideFlags: 1
  m_PrefabParentObject: {fileID: 0}
  m_PrefabInternal: {fileID: 100100000}
  serializedVersion: 5
  m_Component:
  - component: {fileID: 4527164471233032}
  m_Layer: 0
  m_Name: Base HumanLDigit43
  m_TagString: Untagged
  m_Icon: {fileID: 0}
  m_NavMeshLayer: 0
  m_StaticEditorFlags: 0
  m_IsActive: 1
--- !u!1 &1019306182094290
GameObject:
  m_ObjectHideFlags: 1
  m_PrefabParentObject: {fileID: 0}
  m_PrefabInternal: {fileID: 100100000}
  serializedVersion: 5
  m_Component:
  - component: {fileID: 4139180876396464}
  m_Layer: 0
  m_Name: Base HumanSkirt13
  m_TagString: Untagged
  m_Icon: {fileID: 0}
  m_NavMeshLayer: 0
  m_StaticEditorFlags: 0
  m_IsActive: 1
--- !u!1 &1039592679657880
GameObject:
  m_ObjectHideFlags: 1
  m_PrefabParentObject: {fileID: 0}
  m_PrefabInternal: {fileID: 100100000}
  serializedVersion: 5
  m_Component:
  - component: {fileID: 4287255928940160}
  m_Layer: 0
  m_Name: Base HumanHead
  m_TagString: Untagged
  m_Icon: {fileID: 0}
  m_NavMeshLayer: 0
  m_StaticEditorFlags: 0
  m_IsActive: 1
--- !u!1 &1052891239960450
GameObject:
  m_ObjectHideFlags: 1
  m_PrefabParentObject: {fileID: 0}
  m_PrefabInternal: {fileID: 100100000}
  serializedVersion: 5
  m_Component:
  - component: {fileID: 4807869234687038}
  m_Layer: 0
  m_Name: Base HumanLDigit22
  m_TagString: Untagged
  m_Icon: {fileID: 0}
  m_NavMeshLayer: 0
  m_StaticEditorFlags: 0
  m_IsActive: 1
--- !u!1 &1054890854362092
GameObject:
  m_ObjectHideFlags: 0
  m_PrefabParentObject: {fileID: 0}
  m_PrefabInternal: {fileID: 100100000}
  serializedVersion: 5
  m_Component:
  - component: {fileID: 4296362282541624}
  - component: {fileID: 95612920252274996}
  - component: {fileID: 136126233962306262}
  m_Layer: 0
  m_Name: AnaClassRoom
  m_TagString: Untagged
  m_Icon: {fileID: 0}
  m_NavMeshLayer: 0
  m_StaticEditorFlags: 0
  m_IsActive: 1
--- !u!1 &1068378106355490
GameObject:
  m_ObjectHideFlags: 0
  m_PrefabParentObject: {fileID: 0}
  m_PrefabInternal: {fileID: 100100000}
  serializedVersion: 5
  m_Component:
  - component: {fileID: 4898284241477206}
  m_Layer: 0
  m_Name: Base Human
  m_TagString: Untagged
  m_Icon: {fileID: 0}
  m_NavMeshLayer: 0
  m_StaticEditorFlags: 0
  m_IsActive: 1
--- !u!1 &1090162916563266
GameObject:
  m_ObjectHideFlags: 1
  m_PrefabParentObject: {fileID: 0}
  m_PrefabInternal: {fileID: 100100000}
  serializedVersion: 5
  m_Component:
  - component: {fileID: 4841316868902808}
  m_Layer: 0
  m_Name: Base HumanRUpperarm
  m_TagString: Untagged
  m_Icon: {fileID: 0}
  m_NavMeshLayer: 0
  m_StaticEditorFlags: 0
  m_IsActive: 1
--- !u!1 &1092735876069258
GameObject:
  m_ObjectHideFlags: 1
  m_PrefabParentObject: {fileID: 0}
  m_PrefabInternal: {fileID: 100100000}
  serializedVersion: 5
  m_Component:
  - component: {fileID: 4811049809817952}
  m_Layer: 0
  m_Name: Base HumanLFoot
  m_TagString: Untagged
  m_Icon: {fileID: 0}
  m_NavMeshLayer: 0
  m_StaticEditorFlags: 0
  m_IsActive: 1
--- !u!1 &1100581870809540
GameObject:
  m_ObjectHideFlags: 1
  m_PrefabParentObject: {fileID: 0}
  m_PrefabInternal: {fileID: 100100000}
  serializedVersion: 5
  m_Component:
  - component: {fileID: 4387394090451428}
  m_Layer: 0
  m_Name: Base HumanSpine3-x
  m_TagString: Untagged
  m_Icon: {fileID: 0}
  m_NavMeshLayer: 0
  m_StaticEditorFlags: 0
  m_IsActive: 1
--- !u!1 &1100612691676304
GameObject:
  m_ObjectHideFlags: 1
  m_PrefabParentObject: {fileID: 0}
  m_PrefabInternal: {fileID: 100100000}
  serializedVersion: 5
  m_Component:
  - component: {fileID: 4104847438320534}
  m_Layer: 0
  m_Name: Base HumanSkirt8
  m_TagString: Untagged
  m_Icon: {fileID: 0}
  m_NavMeshLayer: 0
  m_StaticEditorFlags: 0
  m_IsActive: 1
--- !u!1 &1104454898606766
GameObject:
  m_ObjectHideFlags: 1
  m_PrefabParentObject: {fileID: 0}
  m_PrefabInternal: {fileID: 100100000}
  serializedVersion: 5
  m_Component:
  - component: {fileID: 4777922380415864}
  m_Layer: 0
  m_Name: Base HumanLDigit12
  m_TagString: Untagged
  m_Icon: {fileID: 0}
  m_NavMeshLayer: 0
  m_StaticEditorFlags: 0
  m_IsActive: 1
--- !u!1 &1108195381208864
GameObject:
  m_ObjectHideFlags: 1
  m_PrefabParentObject: {fileID: 0}
  m_PrefabInternal: {fileID: 100100000}
  serializedVersion: 5
  m_Component:
  - component: {fileID: 4774559664040712}
  m_Layer: 0
  m_Name: Base HumanRDigit12
  m_TagString: Untagged
  m_Icon: {fileID: 0}
  m_NavMeshLayer: 0
  m_StaticEditorFlags: 0
  m_IsActive: 1
--- !u!1 &1161487395982344
GameObject:
  m_ObjectHideFlags: 1
  m_PrefabParentObject: {fileID: 0}
  m_PrefabInternal: {fileID: 100100000}
  serializedVersion: 5
  m_Component:
  - component: {fileID: 4675762441814372}
  m_Layer: 0
  m_Name: Base HumanLDigit31
  m_TagString: Untagged
  m_Icon: {fileID: 0}
  m_NavMeshLayer: 0
  m_StaticEditorFlags: 0
  m_IsActive: 1
--- !u!1 &1181192068813174
GameObject:
  m_ObjectHideFlags: 1
  m_PrefabParentObject: {fileID: 0}
  m_PrefabInternal: {fileID: 100100000}
  serializedVersion: 5
  m_Component:
  - component: {fileID: 4784598762672752}
  m_Layer: 0
  m_Name: Base HumanRCalf
  m_TagString: Untagged
  m_Icon: {fileID: 0}
  m_NavMeshLayer: 0
  m_StaticEditorFlags: 0
  m_IsActive: 1
--- !u!1 &1195530818389578
GameObject:
  m_ObjectHideFlags: 1
  m_PrefabParentObject: {fileID: 0}
  m_PrefabInternal: {fileID: 100100000}
  serializedVersion: 5
  m_Component:
  - component: {fileID: 4580845345895830}
  m_Layer: 0
  m_Name: Base HumanLUpperarm
  m_TagString: Untagged
  m_Icon: {fileID: 0}
  m_NavMeshLayer: 0
  m_StaticEditorFlags: 0
  m_IsActive: 1
--- !u!1 &1203389366684202
GameObject:
  m_ObjectHideFlags: 1
  m_PrefabParentObject: {fileID: 0}
  m_PrefabInternal: {fileID: 100100000}
  serializedVersion: 5
  m_Component:
  - component: {fileID: 4526567309816644}
  m_Layer: 0
  m_Name: Base HumanNeck2-x
  m_TagString: Untagged
  m_Icon: {fileID: 0}
  m_NavMeshLayer: 0
  m_StaticEditorFlags: 0
  m_IsActive: 1
--- !u!1 &1222221131428804
GameObject:
  m_ObjectHideFlags: 1
  m_PrefabParentObject: {fileID: 0}
  m_PrefabInternal: {fileID: 100100000}
  serializedVersion: 5
  m_Component:
  - component: {fileID: 4809046565781630}
  m_Layer: 0
  m_Name: Base HumanRDigit11 1
  m_TagString: Untagged
  m_Icon: {fileID: 0}
  m_NavMeshLayer: 0
  m_StaticEditorFlags: 0
  m_IsActive: 1
--- !u!1 &1227821771547006
GameObject:
  m_ObjectHideFlags: 1
  m_PrefabParentObject: {fileID: 0}
  m_PrefabInternal: {fileID: 100100000}
  serializedVersion: 5
  m_Component:
  - component: {fileID: 4704296584609974}
  m_Layer: 0
  m_Name: Base HumanRDigit42
  m_TagString: Untagged
  m_Icon: {fileID: 0}
  m_NavMeshLayer: 0
  m_StaticEditorFlags: 0
  m_IsActive: 1
--- !u!1 &1257074726372860
GameObject:
  m_ObjectHideFlags: 1
  m_PrefabParentObject: {fileID: 0}
  m_PrefabInternal: {fileID: 100100000}
  serializedVersion: 5
  m_Component:
  - component: {fileID: 4593918913748718}
  m_Layer: 0
  m_Name: Base HumanHair7
  m_TagString: Untagged
  m_Icon: {fileID: 0}
  m_NavMeshLayer: 0
  m_StaticEditorFlags: 0
  m_IsActive: 1
--- !u!1 &1311393894008370
GameObject:
  m_ObjectHideFlags: 1
  m_PrefabParentObject: {fileID: 0}
  m_PrefabInternal: {fileID: 100100000}
  serializedVersion: 5
  m_Component:
  - component: {fileID: 4628435697452088}
  m_Layer: 0
  m_Name: Base HumanRDigit31
  m_TagString: Untagged
  m_Icon: {fileID: 0}
  m_NavMeshLayer: 0
  m_StaticEditorFlags: 0
  m_IsActive: 1
--- !u!1 &1328477298886858
GameObject:
  m_ObjectHideFlags: 1
  m_PrefabParentObject: {fileID: 0}
  m_PrefabInternal: {fileID: 100100000}
  serializedVersion: 5
  m_Component:
  - component: {fileID: 4952398653958700}
  m_Layer: 0
  m_Name: Base HumanLCalf
  m_TagString: Untagged
  m_Icon: {fileID: 0}
  m_NavMeshLayer: 0
  m_StaticEditorFlags: 0
  m_IsActive: 1
--- !u!1 &1356351415050688
GameObject:
  m_ObjectHideFlags: 1
  m_PrefabParentObject: {fileID: 0}
  m_PrefabInternal: {fileID: 100100000}
  serializedVersion: 5
  m_Component:
  - component: {fileID: 4240014892140296}
  m_Layer: 0
  m_Name: Base HumanRDigit33
  m_TagString: Untagged
  m_Icon: {fileID: 0}
  m_NavMeshLayer: 0
  m_StaticEditorFlags: 0
  m_IsActive: 1
--- !u!1 &1385216035134286
GameObject:
  m_ObjectHideFlags: 1
  m_PrefabParentObject: {fileID: 0}
  m_PrefabInternal: {fileID: 100100000}
  serializedVersion: 5
  m_Component:
  - component: {fileID: 4757907054606544}
  m_Layer: 0
  m_Name: Base HumanLDigit52
  m_TagString: Untagged
  m_Icon: {fileID: 0}
  m_NavMeshLayer: 0
  m_StaticEditorFlags: 0
  m_IsActive: 1
--- !u!1 &1385603099198376
GameObject:
  m_ObjectHideFlags: 1
  m_PrefabParentObject: {fileID: 0}
  m_PrefabInternal: {fileID: 100100000}
  serializedVersion: 5
  m_Component:
  - component: {fileID: 4549985695810166}
  m_Layer: 0
  m_Name: Base HumanLDigit42
  m_TagString: Untagged
  m_Icon: {fileID: 0}
  m_NavMeshLayer: 0
  m_StaticEditorFlags: 0
  m_IsActive: 1
--- !u!1 &1402686633622774
GameObject:
  m_ObjectHideFlags: 1
  m_PrefabParentObject: {fileID: 0}
  m_PrefabInternal: {fileID: 100100000}
  serializedVersion: 5
  m_Component:
  - component: {fileID: 4334152192617452}
  m_Layer: 0
  m_Name: Base HumanHair3
  m_TagString: Untagged
  m_Icon: {fileID: 0}
  m_NavMeshLayer: 0
  m_StaticEditorFlags: 0
  m_IsActive: 1
--- !u!1 &1423734654380694
GameObject:
  m_ObjectHideFlags: 1
  m_PrefabParentObject: {fileID: 0}
  m_PrefabInternal: {fileID: 100100000}
  serializedVersion: 5
  m_Component:
  - component: {fileID: 4623782893849358}
  m_Layer: 0
  m_Name: Base HumanRDigit21
  m_TagString: Untagged
  m_Icon: {fileID: 0}
  m_NavMeshLayer: 0
  m_StaticEditorFlags: 0
  m_IsActive: 1
--- !u!1 &1424463814772948
GameObject:
  m_ObjectHideFlags: 0
  m_PrefabParentObject: {fileID: 0}
  m_PrefabInternal: {fileID: 100100000}
  serializedVersion: 5
  m_Component:
  - component: {fileID: 4231989766028470}
  m_Layer: 0
  m_Name: Base HumanLPlatform
  m_TagString: Untagged
  m_Icon: {fileID: 0}
  m_NavMeshLayer: 0
  m_StaticEditorFlags: 0
  m_IsActive: 1
--- !u!1 &1438271019689254
GameObject:
  m_ObjectHideFlags: 1
  m_PrefabParentObject: {fileID: 0}
  m_PrefabInternal: {fileID: 100100000}
  serializedVersion: 5
  m_Component:
  - component: {fileID: 4226329099336242}
  m_Layer: 0
  m_Name: Base HumanLDigit11
  m_TagString: Untagged
  m_Icon: {fileID: 0}
  m_NavMeshLayer: 0
  m_StaticEditorFlags: 0
  m_IsActive: 1
--- !u!1 &1442124875180582
GameObject:
  m_ObjectHideFlags: 1
  m_PrefabParentObject: {fileID: 0}
  m_PrefabInternal: {fileID: 100100000}
  serializedVersion: 5
  m_Component:
  - component: {fileID: 4557396068615144}
  m_Layer: 0
  m_Name: Base HumanSkirt3
  m_TagString: Untagged
  m_Icon: {fileID: 0}
  m_NavMeshLayer: 0
  m_StaticEditorFlags: 0
  m_IsActive: 1
--- !u!1 &1443734681892202
GameObject:
  m_ObjectHideFlags: 1
  m_PrefabParentObject: {fileID: 0}
  m_PrefabInternal: {fileID: 100100000}
  serializedVersion: 5
  m_Component:
  - component: {fileID: 4647513519796572}
  m_Layer: 0
  m_Name: Base HumanSkirt6
  m_TagString: Untagged
  m_Icon: {fileID: 0}
  m_NavMeshLayer: 0
  m_StaticEditorFlags: 0
  m_IsActive: 1
--- !u!1 &1448340601792846
GameObject:
  m_ObjectHideFlags: 1
  m_PrefabParentObject: {fileID: 0}
  m_PrefabInternal: {fileID: 100100000}
  serializedVersion: 5
  m_Component:
  - component: {fileID: 4301835807868528}
  m_Layer: 0
  m_Name: Base HumanSkirt9
  m_TagString: Untagged
  m_Icon: {fileID: 0}
  m_NavMeshLayer: 0
  m_StaticEditorFlags: 0
  m_IsActive: 1
--- !u!1 &1455260203276906
GameObject:
  m_ObjectHideFlags: 1
  m_PrefabParentObject: {fileID: 0}
  m_PrefabInternal: {fileID: 100100000}
  serializedVersion: 5
  m_Component:
  - component: {fileID: 4263136714932060}
  m_Layer: 0
  m_Name: Base HumanRDigit51
  m_TagString: Untagged
  m_Icon: {fileID: 0}
  m_NavMeshLayer: 0
  m_StaticEditorFlags: 0
  m_IsActive: 1
--- !u!1 &1463298331042280
GameObject:
  m_ObjectHideFlags: 1
  m_PrefabParentObject: {fileID: 0}
  m_PrefabInternal: {fileID: 100100000}
  serializedVersion: 5
  m_Component:
  - component: {fileID: 4807177271360780}
  m_Layer: 0
  m_Name: Base HumanSpine1
  m_TagString: Untagged
  m_Icon: {fileID: 0}
  m_NavMeshLayer: 0
  m_StaticEditorFlags: 0
  m_IsActive: 1
--- !u!1 &1478724837415164
GameObject:
  m_ObjectHideFlags: 0
  m_PrefabParentObject: {fileID: 0}
  m_PrefabInternal: {fileID: 100100000}
  serializedVersion: 5
  m_Component:
  - component: {fileID: 4147420451776342}
  - component: {fileID: 137340583789336100}
  m_Layer: 0
  m_Name: GIRL_BODY_01
  m_TagString: Untagged
  m_Icon: {fileID: 0}
  m_NavMeshLayer: 0
  m_StaticEditorFlags: 0
  m_IsActive: 1
--- !u!1 &1481971444854200
GameObject:
  m_ObjectHideFlags: 1
  m_PrefabParentObject: {fileID: 0}
  m_PrefabInternal: {fileID: 100100000}
  serializedVersion: 5
  m_Component:
  - component: {fileID: 4370001847975010}
  m_Layer: 0
  m_Name: Base HumanLCollarbone
  m_TagString: Untagged
  m_Icon: {fileID: 0}
  m_NavMeshLayer: 0
  m_StaticEditorFlags: 0
  m_IsActive: 1
--- !u!1 &1487067583930714
GameObject:
  m_ObjectHideFlags: 1
  m_PrefabParentObject: {fileID: 0}
  m_PrefabInternal: {fileID: 100100000}
  serializedVersion: 5
  m_Component:
  - component: {fileID: 4713595066558570}
  m_Layer: 0
  m_Name: Base HumanRThigh
  m_TagString: Untagged
  m_Icon: {fileID: 0}
  m_NavMeshLayer: 0
  m_StaticEditorFlags: 0
  m_IsActive: 1
--- !u!1 &1499556231246520
GameObject:
  m_ObjectHideFlags: 1
  m_PrefabParentObject: {fileID: 0}
  m_PrefabInternal: {fileID: 100100000}
  serializedVersion: 5
  m_Component:
  - component: {fileID: 4213948264814484}
  m_Layer: 0
  m_Name: Base HumanLDigit13
  m_TagString: Untagged
  m_Icon: {fileID: 0}
  m_NavMeshLayer: 0
  m_StaticEditorFlags: 0
  m_IsActive: 1
--- !u!1 &1535592259415774
GameObject:
  m_ObjectHideFlags: 1
  m_PrefabParentObject: {fileID: 0}
  m_PrefabInternal: {fileID: 100100000}
  serializedVersion: 5
  m_Component:
  - component: {fileID: 4216828769797836}
  m_Layer: 0
  m_Name: Base HumanSpine2
  m_TagString: Untagged
  m_Icon: {fileID: 0}
  m_NavMeshLayer: 0
  m_StaticEditorFlags: 0
  m_IsActive: 1
--- !u!1 &1550327386164590
GameObject:
  m_ObjectHideFlags: 1
  m_PrefabParentObject: {fileID: 0}
  m_PrefabInternal: {fileID: 100100000}
  serializedVersion: 5
  m_Component:
  - component: {fileID: 4046657467361292}
  m_Layer: 0
  m_Name: Base HumanRDigit52
  m_TagString: Untagged
  m_Icon: {fileID: 0}
  m_NavMeshLayer: 0
  m_StaticEditorFlags: 0
  m_IsActive: 1
--- !u!1 &1551552928371326
GameObject:
  m_ObjectHideFlags: 1
  m_PrefabParentObject: {fileID: 0}
  m_PrefabInternal: {fileID: 100100000}
  serializedVersion: 5
  m_Component:
  - component: {fileID: 4143680826591928}
  m_Layer: 0
  m_Name: Base HumanSkirt11
  m_TagString: Untagged
  m_Icon: {fileID: 0}
  m_NavMeshLayer: 0
  m_StaticEditorFlags: 0
  m_IsActive: 1
--- !u!1 &1555620197460768
GameObject:
  m_ObjectHideFlags: 1
  m_PrefabParentObject: {fileID: 0}
  m_PrefabInternal: {fileID: 100100000}
  serializedVersion: 5
  m_Component:
  - component: {fileID: 4508776840827322}
  m_Layer: 0
  m_Name: Base HumanRPalm
  m_TagString: Untagged
  m_Icon: {fileID: 0}
  m_NavMeshLayer: 0
  m_StaticEditorFlags: 0
  m_IsActive: 1
--- !u!1 &1558334242421306
GameObject:
  m_ObjectHideFlags: 1
  m_PrefabParentObject: {fileID: 0}
  m_PrefabInternal: {fileID: 100100000}
  serializedVersion: 5
  m_Component:
  - component: {fileID: 4680500711099082}
  m_Layer: 0
  m_Name: Base HumanRForearm
  m_TagString: Untagged
  m_Icon: {fileID: 0}
  m_NavMeshLayer: 0
  m_StaticEditorFlags: 0
  m_IsActive: 1
--- !u!1 &1568793823716050
GameObject:
  m_ObjectHideFlags: 1
  m_PrefabParentObject: {fileID: 0}
  m_PrefabInternal: {fileID: 100100000}
  serializedVersion: 5
  m_Component:
  - component: {fileID: 4082698393353522}
  m_Layer: 0
  m_Name: Base HumanLDigit23
  m_TagString: Untagged
  m_Icon: {fileID: 0}
  m_NavMeshLayer: 0
  m_StaticEditorFlags: 0
  m_IsActive: 1
--- !u!1 &1574670552260156
GameObject:
  m_ObjectHideFlags: 1
  m_PrefabParentObject: {fileID: 0}
  m_PrefabInternal: {fileID: 100100000}
  serializedVersion: 5
  m_Component:
  - component: {fileID: 4115121354785422}
  m_Layer: 0
  m_Name: Base HumanHair1
  m_TagString: Untagged
  m_Icon: {fileID: 0}
  m_NavMeshLayer: 0
  m_StaticEditorFlags: 0
  m_IsActive: 1
--- !u!1 &1598985883111178
GameObject:
  m_ObjectHideFlags: 1
  m_PrefabParentObject: {fileID: 0}
  m_PrefabInternal: {fileID: 100100000}
  serializedVersion: 5
  m_Component:
  - component: {fileID: 4095569478591964}
  m_Layer: 0
  m_Name: Base HumanSkirt4
  m_TagString: Untagged
  m_Icon: {fileID: 0}
  m_NavMeshLayer: 0
  m_StaticEditorFlags: 0
  m_IsActive: 1
--- !u!1 &1612600651647828
GameObject:
  m_ObjectHideFlags: 0
  m_PrefabParentObject: {fileID: 0}
  m_PrefabInternal: {fileID: 100100000}
  serializedVersion: 5
  m_Component:
  - component: {fileID: 4133880581581736}
  m_Layer: 0
  m_Name: Base HumanPelvis
  m_TagString: Untagged
  m_Icon: {fileID: 0}
  m_NavMeshLayer: 0
  m_StaticEditorFlags: 0
  m_IsActive: 1
--- !u!1 &1633009500064616
GameObject:
  m_ObjectHideFlags: 1
  m_PrefabParentObject: {fileID: 0}
  m_PrefabInternal: {fileID: 100100000}
  serializedVersion: 5
  m_Component:
  - component: {fileID: 4914212801431016}
  m_Layer: 0
  m_Name: Base HumanSkirt5
  m_TagString: Untagged
  m_Icon: {fileID: 0}
  m_NavMeshLayer: 0
  m_StaticEditorFlags: 0
  m_IsActive: 1
--- !u!1 &1652406366932786
GameObject:
  m_ObjectHideFlags: 0
  m_PrefabParentObject: {fileID: 0}
  m_PrefabInternal: {fileID: 100100000}
  serializedVersion: 5
  m_Component:
  - component: {fileID: 4347916615084366}
  m_Layer: 0
  m_Name: Base HumanRPlatform
  m_TagString: Untagged
  m_Icon: {fileID: 0}
  m_NavMeshLayer: 0
  m_StaticEditorFlags: 0
  m_IsActive: 1
--- !u!1 &1653349485339270
GameObject:
  m_ObjectHideFlags: 1
  m_PrefabParentObject: {fileID: 0}
  m_PrefabInternal: {fileID: 100100000}
  serializedVersion: 5
  m_Component:
  - component: {fileID: 4588939033259724}
  m_Layer: 0
  m_Name: Base HumanLDigit32
  m_TagString: Untagged
  m_Icon: {fileID: 0}
  m_NavMeshLayer: 0
  m_StaticEditorFlags: 0
  m_IsActive: 1
--- !u!1 &1660542995053046
GameObject:
  m_ObjectHideFlags: 1
  m_PrefabParentObject: {fileID: 0}
  m_PrefabInternal: {fileID: 100100000}
  serializedVersion: 5
  m_Component:
  - component: {fileID: 4762913154103516}
  m_Layer: 0
  m_Name: Base HumanLDigit41
  m_TagString: Untagged
  m_Icon: {fileID: 0}
  m_NavMeshLayer: 0
  m_StaticEditorFlags: 0
  m_IsActive: 1
--- !u!1 &1663873060522794
GameObject:
  m_ObjectHideFlags: 1
  m_PrefabParentObject: {fileID: 0}
  m_PrefabInternal: {fileID: 100100000}
  serializedVersion: 5
  m_Component:
  - component: {fileID: 4061353509232412}
  m_Layer: 0
  m_Name: Base HumanLDigit33
  m_TagString: Untagged
  m_Icon: {fileID: 0}
  m_NavMeshLayer: 0
  m_StaticEditorFlags: 0
  m_IsActive: 1
--- !u!1 &1673832327456108
GameObject:
  m_ObjectHideFlags: 1
  m_PrefabParentObject: {fileID: 0}
  m_PrefabInternal: {fileID: 100100000}
  serializedVersion: 5
  m_Component:
  - component: {fileID: 4141148073728640}
  m_Layer: 0
  m_Name: Base HumanSkirt2
  m_TagString: Untagged
  m_Icon: {fileID: 0}
  m_NavMeshLayer: 0
  m_StaticEditorFlags: 0
  m_IsActive: 1
--- !u!1 &1698531469070624
GameObject:
  m_ObjectHideFlags: 1
  m_PrefabParentObject: {fileID: 0}
  m_PrefabInternal: {fileID: 100100000}
  serializedVersion: 5
  m_Component:
  - component: {fileID: 4460616142849722}
  m_Layer: 0
  m_Name: Base HumanLDigit51
  m_TagString: Untagged
  m_Icon: {fileID: 0}
  m_NavMeshLayer: 0
  m_StaticEditorFlags: 0
  m_IsActive: 1
--- !u!1 &1698605759851086
GameObject:
  m_ObjectHideFlags: 1
  m_PrefabParentObject: {fileID: 0}
  m_PrefabInternal: {fileID: 100100000}
  serializedVersion: 5
  m_Component:
  - component: {fileID: 4913363134901370}
  m_Layer: 0
  m_Name: Base HumanHair6
  m_TagString: Untagged
  m_Icon: {fileID: 0}
  m_NavMeshLayer: 0
  m_StaticEditorFlags: 0
  m_IsActive: 1
--- !u!1 &1703361363275012
GameObject:
  m_ObjectHideFlags: 1
  m_PrefabParentObject: {fileID: 0}
  m_PrefabInternal: {fileID: 100100000}
  serializedVersion: 5
  m_Component:
  - component: {fileID: 4494258682026996}
  m_Layer: 0
  m_Name: Base HumanRDigit43
  m_TagString: Untagged
  m_Icon: {fileID: 0}
  m_NavMeshLayer: 0
  m_StaticEditorFlags: 0
  m_IsActive: 1
--- !u!1 &1706643650147168
GameObject:
  m_ObjectHideFlags: 1
  m_PrefabParentObject: {fileID: 0}
  m_PrefabInternal: {fileID: 100100000}
  serializedVersion: 5
  m_Component:
  - component: {fileID: 4377284476677166}
  m_Layer: 0
  m_Name: Base HumanLDigit21
  m_TagString: Untagged
  m_Icon: {fileID: 0}
  m_NavMeshLayer: 0
  m_StaticEditorFlags: 0
  m_IsActive: 1
--- !u!1 &1707750081922890
GameObject:
  m_ObjectHideFlags: 1
  m_PrefabParentObject: {fileID: 0}
  m_PrefabInternal: {fileID: 100100000}
  serializedVersion: 5
  m_Component:
  - component: {fileID: 4480554696287890}
  m_Layer: 0
  m_Name: Base HumanRCollarbone
  m_TagString: Untagged
  m_Icon: {fileID: 0}
  m_NavMeshLayer: 0
  m_StaticEditorFlags: 0
  m_IsActive: 1
--- !u!1 &1721860396314466
GameObject:
  m_ObjectHideFlags: 1
  m_PrefabParentObject: {fileID: 0}
  m_PrefabInternal: {fileID: 100100000}
  serializedVersion: 5
  m_Component:
  - component: {fileID: 4393205527957336}
  m_Layer: 0
  m_Name: Base HumanHair5
  m_TagString: Untagged
  m_Icon: {fileID: 0}
  m_NavMeshLayer: 0
  m_StaticEditorFlags: 0
  m_IsActive: 1
--- !u!1 &1737240939419794
GameObject:
  m_ObjectHideFlags: 1
  m_PrefabParentObject: {fileID: 0}
  m_PrefabInternal: {fileID: 100100000}
  serializedVersion: 5
  m_Component:
  - component: {fileID: 4308141718012760}
  m_Layer: 0
  m_Name: Base HumanHair8
  m_TagString: Untagged
  m_Icon: {fileID: 0}
  m_NavMeshLayer: 0
  m_StaticEditorFlags: 0
  m_IsActive: 1
--- !u!1 &1738491295695078
GameObject:
  m_ObjectHideFlags: 1
  m_PrefabParentObject: {fileID: 0}
  m_PrefabInternal: {fileID: 100100000}
  serializedVersion: 5
  m_Component:
  - component: {fileID: 4014886659334320}
  m_Layer: 0
  m_Name: Base HumanRDigit41
  m_TagString: Untagged
  m_Icon: {fileID: 0}
  m_NavMeshLayer: 0
  m_StaticEditorFlags: 0
  m_IsActive: 1
--- !u!1 &1753375188626282
GameObject:
  m_ObjectHideFlags: 1
  m_PrefabParentObject: {fileID: 0}
  m_PrefabInternal: {fileID: 100100000}
  serializedVersion: 5
  m_Component:
  - component: {fileID: 4583483246772848}
  m_Layer: 0
  m_Name: Base HumanSkirt7
  m_TagString: Untagged
  m_Icon: {fileID: 0}
  m_NavMeshLayer: 0
  m_StaticEditorFlags: 0
  m_IsActive: 1
--- !u!1 &1760109360976246
GameObject:
  m_ObjectHideFlags: 1
  m_PrefabParentObject: {fileID: 0}
  m_PrefabInternal: {fileID: 100100000}
  serializedVersion: 5
  m_Component:
  - component: {fileID: 4522119389453040}
  m_Layer: 0
  m_Name: Base HumanRibcage
  m_TagString: Untagged
  m_Icon: {fileID: 0}
  m_NavMeshLayer: 0
  m_StaticEditorFlags: 0
  m_IsActive: 1
--- !u!1 &1774051147276054
GameObject:
  m_ObjectHideFlags: 1
  m_PrefabParentObject: {fileID: 0}
  m_PrefabInternal: {fileID: 100100000}
  serializedVersion: 5
  m_Component:
  - component: {fileID: 4382180743367950}
  m_Layer: 0
  m_Name: Base HumanLDigit11 1
  m_TagString: Untagged
  m_Icon: {fileID: 0}
  m_NavMeshLayer: 0
  m_StaticEditorFlags: 0
  m_IsActive: 1
--- !u!1 &1774926591007852
GameObject:
  m_ObjectHideFlags: 1
  m_PrefabParentObject: {fileID: 0}
  m_PrefabInternal: {fileID: 100100000}
  serializedVersion: 5
  m_Component:
  - component: {fileID: 4495086152069012}
  m_Layer: 0
  m_Name: Base HumanSkirt14
  m_TagString: Untagged
  m_Icon: {fileID: 0}
  m_NavMeshLayer: 0
  m_StaticEditorFlags: 0
  m_IsActive: 1
--- !u!1 &1776842958364696
GameObject:
  m_ObjectHideFlags: 1
  m_PrefabParentObject: {fileID: 0}
  m_PrefabInternal: {fileID: 100100000}
  serializedVersion: 5
  m_Component:
  - component: {fileID: 4484038238767216}
  m_Layer: 0
  m_Name: Base HumanLForearm
  m_TagString: Untagged
  m_Icon: {fileID: 0}
  m_NavMeshLayer: 0
  m_StaticEditorFlags: 0
  m_IsActive: 1
--- !u!1 &1777105638530772
GameObject:
  m_ObjectHideFlags: 1
  m_PrefabParentObject: {fileID: 0}
  m_PrefabInternal: {fileID: 100100000}
  serializedVersion: 5
  m_Component:
  - component: {fileID: 4926931518016878}
  m_Layer: 0
  m_Name: Base HumanRDigit32
  m_TagString: Untagged
  m_Icon: {fileID: 0}
  m_NavMeshLayer: 0
  m_StaticEditorFlags: 0
  m_IsActive: 1
--- !u!1 &1786128630894558
GameObject:
  m_ObjectHideFlags: 1
  m_PrefabParentObject: {fileID: 0}
  m_PrefabInternal: {fileID: 100100000}
  serializedVersion: 5
  m_Component:
  - component: {fileID: 4011344463339726}
  m_Layer: 0
  m_Name: Base HumanSkirt1
  m_TagString: Untagged
  m_Icon: {fileID: 0}
  m_NavMeshLayer: 0
  m_StaticEditorFlags: 0
  m_IsActive: 1
--- !u!1 &1806049700752902
GameObject:
  m_ObjectHideFlags: 1
  m_PrefabParentObject: {fileID: 0}
  m_PrefabInternal: {fileID: 100100000}
  serializedVersion: 5
  m_Component:
  - component: {fileID: 4030168373758830}
  m_Layer: 0
  m_Name: Base HumanLDigit53
  m_TagString: Untagged
  m_Icon: {fileID: 0}
  m_NavMeshLayer: 0
  m_StaticEditorFlags: 0
  m_IsActive: 1
--- !u!1 &1806402611690140
GameObject:
  m_ObjectHideFlags: 0
  m_PrefabParentObject: {fileID: 0}
  m_PrefabInternal: {fileID: 100100000}
  serializedVersion: 5
  m_Component:
  - component: {fileID: 4938005408627992}
  - component: {fileID: 137566519253913344}
  m_Layer: 0
  m_Name: GIRL_HAIR_01
  m_TagString: Untagged
  m_Icon: {fileID: 0}
  m_NavMeshLayer: 0
  m_StaticEditorFlags: 0
  m_IsActive: 1
--- !u!1 &1825668446365558
GameObject:
  m_ObjectHideFlags: 1
  m_PrefabParentObject: {fileID: 0}
  m_PrefabInternal: {fileID: 100100000}
  serializedVersion: 5
  m_Component:
  - component: {fileID: 4896591061292252}
  m_Layer: 0
  m_Name: Base HumanRDigit11
  m_TagString: Untagged
  m_Icon: {fileID: 0}
  m_NavMeshLayer: 0
  m_StaticEditorFlags: 0
  m_IsActive: 1
--- !u!1 &1828321859444856
GameObject:
  m_ObjectHideFlags: 1
  m_PrefabParentObject: {fileID: 0}
  m_PrefabInternal: {fileID: 100100000}
  serializedVersion: 5
  m_Component:
  - component: {fileID: 4234431135661358}
  m_Layer: 0
  m_Name: Base HumanLPalm
  m_TagString: Untagged
  m_Icon: {fileID: 0}
  m_NavMeshLayer: 0
  m_StaticEditorFlags: 0
  m_IsActive: 1
--- !u!1 &1829514365320906
GameObject:
  m_ObjectHideFlags: 1
  m_PrefabParentObject: {fileID: 0}
  m_PrefabInternal: {fileID: 100100000}
  serializedVersion: 5
  m_Component:
  - component: {fileID: 4000734099160750}
  m_Layer: 0
  m_Name: Base HumanRDigit13
  m_TagString: Untagged
  m_Icon: {fileID: 0}
  m_NavMeshLayer: 0
  m_StaticEditorFlags: 0
  m_IsActive: 1
--- !u!1 &1925012198024008
GameObject:
  m_ObjectHideFlags: 1
  m_PrefabParentObject: {fileID: 0}
  m_PrefabInternal: {fileID: 100100000}
  serializedVersion: 5
  m_Component:
  - component: {fileID: 4352016304783440}
  m_Layer: 0
  m_Name: Base HumanHair4
  m_TagString: Untagged
  m_Icon: {fileID: 0}
  m_NavMeshLayer: 0
  m_StaticEditorFlags: 0
  m_IsActive: 1
--- !u!1 &1949246017456360
GameObject:
  m_ObjectHideFlags: 1
  m_PrefabParentObject: {fileID: 0}
  m_PrefabInternal: {fileID: 100100000}
  serializedVersion: 5
  m_Component:
  - component: {fileID: 4301087604805346}
  m_Layer: 0
  m_Name: Base HumanNeck1
  m_TagString: Untagged
  m_Icon: {fileID: 0}
  m_NavMeshLayer: 0
  m_StaticEditorFlags: 0
  m_IsActive: 1
--- !u!1 &1966441708771844
GameObject:
  m_ObjectHideFlags: 1
  m_PrefabParentObject: {fileID: 0}
  m_PrefabInternal: {fileID: 100100000}
  serializedVersion: 5
  m_Component:
  - component: {fileID: 4305540453597708}
  m_Layer: 0
  m_Name: Base HumanRDigit23
  m_TagString: Untagged
  m_Icon: {fileID: 0}
  m_NavMeshLayer: 0
  m_StaticEditorFlags: 0
  m_IsActive: 1
--- !u!1 &1972689030630508
GameObject:
  m_ObjectHideFlags: 1
  m_PrefabParentObject: {fileID: 0}
  m_PrefabInternal: {fileID: 100100000}
  serializedVersion: 5
  m_Component:
  - component: {fileID: 4581560701082686}
  m_Layer: 0
  m_Name: Base HumanHair2
  m_TagString: Untagged
  m_Icon: {fileID: 0}
  m_NavMeshLayer: 0
  m_StaticEditorFlags: 0
  m_IsActive: 1
--- !u!1 &1973521406422744
GameObject:
  m_ObjectHideFlags: 1
  m_PrefabParentObject: {fileID: 0}
  m_PrefabInternal: {fileID: 100100000}
  serializedVersion: 5
  m_Component:
  - component: {fileID: 4608717782091862}
  m_Layer: 0
  m_Name: Base HumanRFoot
  m_TagString: Untagged
  m_Icon: {fileID: 0}
  m_NavMeshLayer: 0
  m_StaticEditorFlags: 0
  m_IsActive: 1
--- !u!1 &1976540081350028
GameObject:
  m_ObjectHideFlags: 1
  m_PrefabParentObject: {fileID: 0}
  m_PrefabInternal: {fileID: 100100000}
  serializedVersion: 5
  m_Component:
  - component: {fileID: 4121119234560614}
  m_Layer: 0
  m_Name: Base HumanRDigit53
  m_TagString: Untagged
  m_Icon: {fileID: 0}
  m_NavMeshLayer: 0
  m_StaticEditorFlags: 0
  m_IsActive: 1
--- !u!1 &1985661704389134
GameObject:
  m_ObjectHideFlags: 1
  m_PrefabParentObject: {fileID: 0}
  m_PrefabInternal: {fileID: 100100000}
  serializedVersion: 5
  m_Component:
  - component: {fileID: 4448364243050850}
  m_Layer: 0
  m_Name: Base HumanSkirt10
  m_TagString: Untagged
  m_Icon: {fileID: 0}
  m_NavMeshLayer: 0
  m_StaticEditorFlags: 0
  m_IsActive: 1
--- !u!4 &4000734099160750
Transform:
  m_ObjectHideFlags: 1
  m_PrefabParentObject: {fileID: 0}
  m_PrefabInternal: {fileID: 100100000}
  m_GameObject: {fileID: 1829514365320906}
  m_LocalRotation: {x: -0.0000098066475, y: 0.00016575227, z: -0.053835623, w: 0.9985498}
  m_LocalPosition: {x: -0.0076099965, y: 0, z: -0.000000019073486}
  m_LocalScale: {x: 0.99999905, y: 1.000003, z: 0.9999978}
  m_Children: []
  m_Father: {fileID: 4774559664040712}
  m_RootOrder: 0
  m_LocalEulerAnglesHint: {x: 0, y: 0, z: 0}
--- !u!4 &4011344463339726
Transform:
  m_ObjectHideFlags: 1
  m_PrefabParentObject: {fileID: 0}
  m_PrefabInternal: {fileID: 100100000}
  m_GameObject: {fileID: 1786128630894558}
  m_LocalRotation: {x: 7.573045e-15, y: -4.3838105e-15, z: 0.9951566, w: -0.09830231}
  m_LocalPosition: {x: -0.0036292456, y: 0.058147773, z: -3.410605e-15}
  m_LocalScale: {x: 1, y: 1, z: 1}
  m_Children:
  - {fileID: 4141148073728640}
  m_Father: {fileID: 4133880581581736}
  m_RootOrder: 1
  m_LocalEulerAnglesHint: {x: 0, y: 0, z: 0}
--- !u!4 &4014886659334320
Transform:
  m_ObjectHideFlags: 1
  m_PrefabParentObject: {fileID: 0}
  m_PrefabInternal: {fileID: 100100000}
  m_GameObject: {fileID: 1738491295695078}
  m_LocalRotation: {x: -0.0035284758, y: -0.0036936589, z: -0.022460032, w: 0.99973476}
  m_LocalPosition: {x: -0.016985625, y: 0.00092002866, z: 0.003480981}
  m_LocalScale: {x: 0.99999833, y: 1.0000019, z: 0.99999964}
  m_Children:
  - {fileID: 4704296584609974}
  m_Father: {fileID: 4508776840827322}
  m_RootOrder: 2
  m_LocalEulerAnglesHint: {x: 0, y: 0, z: 0}
--- !u!4 &4030168373758830
Transform:
  m_ObjectHideFlags: 1
  m_PrefabParentObject: {fileID: 0}
  m_PrefabInternal: {fileID: 100100000}
  m_GameObject: {fileID: 1806049700752902}
  m_LocalRotation: {x: 0.0000007800968, y: 0.00000080254546, z: -0.022522463, w: 0.9997464}
  m_LocalPosition: {x: -0.0056448937, y: 0, z: 0.0000000047683715}
  m_LocalScale: {x: 1.0000019, y: 0.9999978, z: 1.0000007}
  m_Children: []
  m_Father: {fileID: 4757907054606544}
  m_RootOrder: 0
  m_LocalEulerAnglesHint: {x: 0, y: 0, z: 0}
--- !u!4 &4046657467361292
Transform:
  m_ObjectHideFlags: 1
  m_PrefabParentObject: {fileID: 0}
  m_PrefabInternal: {fileID: 100100000}
  m_GameObject: {fileID: 1550327386164590}
  m_LocalRotation: {x: 0.0000010703884, y: -0.00000010901905, z: -0.02625383, w: 0.9996553}
  m_LocalPosition: {x: -0.0056449887, y: -0.000000019073486, z: 0.000000009536743}
  m_LocalScale: {x: 0.99999845, y: 1.0000018, z: 0.99999934}
  m_Children:
  - {fileID: 4121119234560614}
  m_Father: {fileID: 4263136714932060}
  m_RootOrder: 0
  m_LocalEulerAnglesHint: {x: 0, y: 0, z: 0}
--- !u!4 &4061353509232412
Transform:
  m_ObjectHideFlags: 1
  m_PrefabParentObject: {fileID: 0}
  m_PrefabInternal: {fileID: 100100000}
  m_GameObject: {fileID: 1663873060522794}
  m_LocalRotation: {x: 0.00000013760939, y: 0.00000013239354, z: -0.02607237, w: 0.9996601}
  m_LocalPosition: {x: -0.008316421, y: 0, z: 0.0000000023841857}
  m_LocalScale: {x: 1.0000029, y: 0.99999744, z: 0.99999994}
  m_Children: []
  m_Father: {fileID: 4588939033259724}
  m_RootOrder: 0
  m_LocalEulerAnglesHint: {x: 0, y: 0, z: 0}
--- !u!4 &4082698393353522
Transform:
  m_ObjectHideFlags: 1
  m_PrefabParentObject: {fileID: 0}
  m_PrefabInternal: {fileID: 100100000}
  m_GameObject: {fileID: 1568793823716050}
  m_LocalRotation: {x: -0.00000011743072, y: -0.00000025871097, z: -0.023596626, w: 0.9997216}
  m_LocalPosition: {x: -0.007419014, y: 0.000000038146972, z: 0}
  m_LocalScale: {x: 1.0000027, y: 0.99999756, z: 0.99999994}
  m_Children: []
  m_Father: {fileID: 4807869234687038}
  m_RootOrder: 0
  m_LocalEulerAnglesHint: {x: 0, y: 0, z: 0}
--- !u!4 &4095569478591964
Transform:
  m_ObjectHideFlags: 1
  m_PrefabParentObject: {fileID: 0}
  m_PrefabInternal: {fileID: 100100000}
  m_GameObject: {fileID: 1598985883111178}
  m_LocalRotation: {x: 0.000000055879358, y: 0.00000012665987, z: -0.00000007450582,
    w: 1}
  m_LocalPosition: {x: -0.02388834, y: 0, z: 0.000000009536743}
  m_LocalScale: {x: 0.99999994, y: 1.0000001, z: 0.99999994}
  m_Children: []
  m_Father: {fileID: 4557396068615144}
  m_RootOrder: 0
  m_LocalEulerAnglesHint: {x: 0, y: 0, z: 0}
--- !u!4 &4104847438320534
Transform:
  m_ObjectHideFlags: 1
  m_PrefabParentObject: {fileID: 0}
  m_PrefabInternal: {fileID: 100100000}
  m_GameObject: {fileID: 1100612691676304}
  m_LocalRotation: {x: 0.0000000691507, y: 0.000000006053619, z: 0.00000032037497,
    w: 1}
  m_LocalPosition: {x: -0.023888329, y: -0.000000019073486, z: 0.0000000023841857}
  m_LocalScale: {x: 1, y: 0.99999994, z: 1}
  m_Children: []
  m_Father: {fileID: 4583483246772848}
  m_RootOrder: 0
  m_LocalEulerAnglesHint: {x: 0, y: 0, z: 0}
--- !u!4 &4115121354785422
Transform:
  m_ObjectHideFlags: 1
  m_PrefabParentObject: {fileID: 0}
  m_PrefabInternal: {fileID: 100100000}
  m_GameObject: {fileID: 1574670552260156}
  m_LocalRotation: {x: 0.066942446, y: -0.380905, z: 0.91924685, w: -0.07358901}
  m_LocalPosition: {x: 0.03337864, y: -0.051720332, z: -0.09187928}
  m_LocalScale: {x: 1, y: 1, z: 1}
  m_Children:
  - {fileID: 4581560701082686}
  m_Father: {fileID: 4287255928940160}
  m_RootOrder: 3
  m_LocalEulerAnglesHint: {x: 45.074, y: -7.0520005, z: -195.301}
--- !u!4 &4121119234560614
Transform:
  m_ObjectHideFlags: 1
  m_PrefabParentObject: {fileID: 0}
  m_PrefabInternal: {fileID: 100100000}
  m_GameObject: {fileID: 1976540081350028}
  m_LocalRotation: {x: 0.0000010509611, y: 0.00000025544475, z: -0.022520382, w: 0.9997464}
  m_LocalPosition: {x: -0.0056448746, y: -0.000000019073486, z: -0.0000000047683715}
  m_LocalScale: {x: 0.9999983, y: 1.0000019, z: 0.9999993}
  m_Children: []
  m_Father: {fileID: 4046657467361292}
  m_RootOrder: 0
  m_LocalEulerAnglesHint: {x: 0, y: 0, z: 0}
--- !u!4 &4133880581581736
Transform:
  m_ObjectHideFlags: 1
  m_PrefabParentObject: {fileID: 0}
  m_PrefabInternal: {fileID: 100100000}
  m_GameObject: {fileID: 1612600651647828}
  m_LocalRotation: {x: 0.50000006, y: -0.50000006, z: -0.49999994, w: 0.49999994}
  m_LocalPosition: {x: 0.000000008705048, y: 0.16122526, z: -0.006077981}
  m_LocalScale: {x: 0.99999994, y: 0.99999994, z: 0.99999994}
  m_Children:
  - {fileID: 4807177271360780}
  - {fileID: 4011344463339726}
  - {fileID: 4557396068615144}
  - {fileID: 4914212801431016}
  - {fileID: 4583483246772848}
  - {fileID: 4301835807868528}
  - {fileID: 4139180876396464}
  - {fileID: 4143680826591928}
  - {fileID: 4775646380562680}
  - {fileID: 4713595066558570}
  m_Father: {fileID: 4296362282541624}
  m_RootOrder: 5
  m_LocalEulerAnglesHint: {x: 0, y: 0, z: 0}
--- !u!4 &4139180876396464
Transform:
  m_ObjectHideFlags: 1
  m_PrefabParentObject: {fileID: 0}
  m_PrefabInternal: {fileID: 100100000}
  m_GameObject: {fileID: 1019306182094290}
  m_LocalRotation: {x: 0.11378929, y: 0.367245, z: 0.91816545, w: -0.09568368}
  m_LocalPosition: {x: -0.008041382, y: 0.04422002, z: -0.043032337}
  m_LocalScale: {x: 1, y: 1, z: 1}
  m_Children:
  - {fileID: 4495086152069012}
  m_Father: {fileID: 4133880581581736}
  m_RootOrder: 6
  m_LocalEulerAnglesHint: {x: 0, y: 0, z: 0}
--- !u!4 &4141148073728640
Transform:
  m_ObjectHideFlags: 1
  m_PrefabParentObject: {fileID: 0}
  m_PrefabInternal: {fileID: 100100000}
  m_GameObject: {fileID: 1673832327456108}
  m_LocalRotation: {x: 1.1768364e-14, y: 1.7763568e-15, z: -2.0904814e-29, w: 1}
  m_LocalPosition: {x: -0.023888359, y: 0, z: 0}
  m_LocalScale: {x: 1, y: 1, z: 1}
  m_Children: []
  m_Father: {fileID: 4011344463339726}
  m_RootOrder: 0
  m_LocalEulerAnglesHint: {x: 0, y: 0, z: 0}
--- !u!4 &4143680826591928
Transform:
  m_ObjectHideFlags: 1
  m_PrefabParentObject: {fileID: 0}
  m_PrefabInternal: {fileID: 100100000}
  m_GameObject: {fileID: 1551552928371326}
  m_LocalRotation: {x: 0.16113727, y: 0.7968728, z: 0.5766422, w: -0.080699734}
  m_LocalPosition: {x: -0.013544197, y: 0.0041676736, z: -0.053088136}
  m_LocalScale: {x: 1, y: 1, z: 1}
  m_Children:
  - {fileID: 4563109949730418}
  m_Father: {fileID: 4133880581581736}
  m_RootOrder: 7
  m_LocalEulerAnglesHint: {x: 0, y: 0, z: 0}
--- !u!4 &4147420451776342
Transform:
  m_ObjectHideFlags: 1
  m_PrefabParentObject: {fileID: 0}
  m_PrefabInternal: {fileID: 100100000}
  m_GameObject: {fileID: 1478724837415164}
  m_LocalRotation: {x: -0.7071068, y: 0, z: -0, w: 0.7071068}
  m_LocalPosition: {x: -0, y: 0, z: -0.035656188}
  m_LocalScale: {x: 1, y: 1, z: 1}
  m_Children: []
  m_Father: {fileID: 4296362282541624}
  m_RootOrder: 3
  m_LocalEulerAnglesHint: {x: 0, y: 0, z: 0}
--- !u!4 &4213948264814484
Transform:
  m_ObjectHideFlags: 1
  m_PrefabParentObject: {fileID: 0}
  m_PrefabInternal: {fileID: 100100000}
  m_GameObject: {fileID: 1499556231246520}
  m_LocalRotation: {x: 0.000007919671, y: -0.00016701943, z: -0.053835906, w: 0.9985498}
  m_LocalPosition: {x: -0.0076100156, y: 0, z: 0}
  m_LocalScale: {x: 1.0000008, y: 0.99999726, z: 1.0000021}
  m_Children: []
  m_Father: {fileID: 4777922380415864}
  m_RootOrder: 0
  m_LocalEulerAnglesHint: {x: 0, y: 0, z: 0}
--- !u!4 &4216828769797836
Transform:
  m_ObjectHideFlags: 1
  m_PrefabParentObject: {fileID: 0}
  m_PrefabInternal: {fileID: 100100000}
  m_GameObject: {fileID: 1535592259415774}
  m_LocalRotation: {x: 0.0000014157549, y: 0.00000028508816, z: 0.002969427, w: 0.9999956}
  m_LocalPosition: {x: -0.03304121, y: 5.9604643e-10, z: -2.2737367e-15}
  m_LocalScale: {x: 1.0000001, y: 1.0000002, z: 1}
  m_Children:
  - {fileID: 4387394090451428}
  m_Father: {fileID: 4807177271360780}
  m_RootOrder: 0
  m_LocalEulerAnglesHint: {x: 0.059000004, y: 19.061, z: 0.35000002}
--- !u!4 &4226329099336242
Transform:
  m_ObjectHideFlags: 1
  m_PrefabParentObject: {fileID: 0}
  m_PrefabInternal: {fileID: 100100000}
  m_GameObject: {fileID: 1438271019689254}
  m_LocalRotation: {x: -0.002164131, y: 0.010413116, z: -0.3816434, w: 0.92424846}
  m_LocalPosition: {x: -0.02507033, y: 0.0020828175, z: 0.000055298806}
  m_LocalScale: {x: 0.99999565, y: 1.0000044, z: 1.0000001}
  m_Children: []
  m_Father: {fileID: 4811049809817952}
  m_RootOrder: 0
  m_LocalEulerAnglesHint: {x: 0.22600001, y: 1.1980001, z: -24.123001}
--- !u!4 &4231989766028470
Transform:
  m_ObjectHideFlags: 1
  m_PrefabParentObject: {fileID: 0}
  m_PrefabInternal: {fileID: 100100000}
  m_GameObject: {fileID: 1424463814772948}
  m_LocalRotation: {x: 0.50000006, y: -0.50000006, z: -0.49999994, w: 0.49999994}
  m_LocalPosition: {x: -0.035180755, y: -3.133198e-10, z: 0.00058278115}
  m_LocalScale: {x: 0.99999994, y: 0.99999994, z: 0.99999994}
  m_Children: []
  m_Father: {fileID: 4296362282541624}
  m_RootOrder: 1
  m_LocalEulerAnglesHint: {x: 0, y: 0, z: 0}
--- !u!4 &4234431135661358
Transform:
  m_ObjectHideFlags: 1
  m_PrefabParentObject: {fileID: 0}
  m_PrefabInternal: {fileID: 100100000}
  m_GameObject: {fileID: 1828321859444856}
  m_LocalRotation: {x: -0.7560784, y: -0.05227916, z: -0.00985207, w: 0.6523153}
  m_LocalPosition: {x: -0.06915279, y: -0.000000019073486, z: -0.00000020980835}
  m_LocalScale: {x: 1.0000019, y: 0.9999983, z: 1.0000001}
  m_Children:
  - {fileID: 4382180743367950}
  - {fileID: 4675762441814372}
  - {fileID: 4762913154103516}
  - {fileID: 4377284476677166}
  - {fileID: 4460616142849722}
  m_Father: {fileID: 4484038238767216}
  m_RootOrder: 0
  m_LocalEulerAnglesHint: {x: -100.65099, y: 15.491989, z: -82.01599}
--- !u!4 &4240014892140296
Transform:
  m_ObjectHideFlags: 1
  m_PrefabParentObject: {fileID: 0}
  m_PrefabInternal: {fileID: 100100000}
  m_GameObject: {fileID: 1356351415050688}
  m_LocalRotation: {x: 0.00000018583512, y: 0.00000010615729, z: -0.026069807, w: 0.99966013}
  m_LocalPosition: {x: -0.008316421, y: -0.000000019073486, z: 0.0000000011920929}
  m_LocalScale: {x: 0.9999977, y: 1.0000024, z: 0.9999998}
  m_Children: []
  m_Father: {fileID: 4926931518016878}
  m_RootOrder: 0
  m_LocalEulerAnglesHint: {x: 0, y: 0, z: 0}
--- !u!4 &4263136714932060
Transform:
  m_ObjectHideFlags: 1
  m_PrefabParentObject: {fileID: 0}
  m_PrefabInternal: {fileID: 100100000}
  m_GameObject: {fileID: 1455260203276906}
  m_LocalRotation: {x: -0.009262113, y: -0.009747779, z: -0.025613219, w: 0.9995816}
  m_LocalPosition: {x: -0.01763895, y: 0.0004799652, z: 0.010694084}
  m_LocalScale: {x: 0.9999988, y: 1.0000017, z: 0.99999934}
  m_Children:
  - {fileID: 4046657467361292}
  m_Father: {fileID: 4508776840827322}
  m_RootOrder: 4
  m_LocalEulerAnglesHint: {x: 0, y: 0, z: 0}
--- !u!4 &4287255928940160
Transform:
  m_ObjectHideFlags: 1
  m_PrefabParentObject: {fileID: 0}
  m_PrefabInternal: {fileID: 100100000}
  m_GameObject: {fileID: 1039592679657880}
  m_LocalRotation: {x: 0.000004835428, y: 0.000014143138, z: -0.3187927, w: 0.9478245}
  m_LocalPosition: {x: -0.05861404, y: -0.000000019073486, z: 0}
  m_LocalScale: {x: 1, y: 1, z: 1}
  m_Children:
  - {fileID: 4334152192617452}
  - {fileID: 4393205527957336}
  - {fileID: 4593918913748718}
  - {fileID: 4115121354785422}
  m_Father: {fileID: 4526567309816644}
  m_RootOrder: 0
  m_LocalEulerAnglesHint: {x: 11.909, y: 11.924001, z: -39.667004}
--- !u!4 &4296362282541624
Transform:
  m_ObjectHideFlags: 1
  m_PrefabParentObject: {fileID: 0}
  m_PrefabInternal: {fileID: 100100000}
  m_GameObject: {fileID: 1054890854362092}
  m_LocalRotation: {x: -0.00021092448, y: 0.61085206, z: 0.00027338593, w: 0.79174477}
  m_LocalPosition: {x: 5.1661277, y: -0.6231843, z: -27.310328}
  m_LocalScale: {x: 1.735481, y: 1.735481, z: 1.735481}
  m_Children:
  - {fileID: 4898284241477206}
  - {fileID: 4231989766028470}
  - {fileID: 4347916615084366}
  - {fileID: 4147420451776342}
  - {fileID: 4938005408627992}
  - {fileID: 4133880581581736}
  m_Father: {fileID: 0}
  m_RootOrder: 0
  m_LocalEulerAnglesHint: {x: -0.038000003, y: 75.302, z: 0.010000001}
--- !u!4 &4301087604805346
Transform:
  m_ObjectHideFlags: 1
  m_PrefabParentObject: {fileID: 0}
  m_PrefabInternal: {fileID: 100100000}
  m_GameObject: {fileID: 1949246017456360}
  m_LocalRotation: {x: 0.00000015778775, y: -0.000014271567, z: -0.045702424, w: 0.99895513}
  m_LocalPosition: {x: -0.0002527046, y: 0.00994248, z: 6.272717e-10}
  m_LocalScale: {x: 1, y: 1, z: 1}
  m_Children:
  - {fileID: 4526567309816644}
  m_Father: {fileID: 4522119389453040}
  m_RootOrder: 0
  m_LocalEulerAnglesHint: {x: -0.096, y: 10.240001, z: -4.9110003}
--- !u!4 &4301835807868528
Transform:
  m_ObjectHideFlags: 1
  m_PrefabParentObject: {fileID: 0}
  m_PrefabInternal: {fileID: 100100000}
  m_GameObject: {fileID: 1448340601792846}
  m_LocalRotation: {x: 0.12164278, y: 0.97996354, z: 0.15719217, w: -0.012851796}
  m_LocalPosition: {x: -0.015547523, y: -0.023216039, z: -0.022647962}
  m_LocalScale: {x: 1, y: 1, z: 1}
  m_Children:
  - {fileID: 4448364243050850}
  m_Father: {fileID: 4133880581581736}
  m_RootOrder: 5
  m_LocalEulerAnglesHint: {x: 0, y: 0, z: 0}
--- !u!4 &4305540453597708
Transform:
  m_ObjectHideFlags: 1
  m_PrefabParentObject: {fileID: 0}
  m_PrefabInternal: {fileID: 100100000}
  m_GameObject: {fileID: 1966441708771844}
  m_LocalRotation: {x: -0.0000002521412, y: -0.000000065519245, z: -0.023594206, w: 0.99972165}
  m_LocalPosition: {x: -0.007419014, y: -0.000000019073486, z: 0}
  m_LocalScale: {x: 0.9999975, y: 1.0000025, z: 0.9999998}
  m_Children: []
  m_Father: {fileID: 4317984487055562}
  m_RootOrder: 0
  m_LocalEulerAnglesHint: {x: 0, y: 0, z: 0}
--- !u!4 &4308141718012760
Transform:
  m_ObjectHideFlags: 1
  m_PrefabParentObject: {fileID: 0}
  m_PrefabInternal: {fileID: 100100000}
  m_GameObject: {fileID: 1737240939419794}
  m_LocalRotation: {x: -0.000000004190952, y: -0.000000014901163, z: -0.000000011175871,
    w: 1}
  m_LocalPosition: {x: -0.07042968, y: 0.000000009536743, z: -0.0000000047683715}
  m_LocalScale: {x: 0.99999994, y: 0.99999994, z: 1}
  m_Children: []
  m_Father: {fileID: 4593918913748718}
  m_RootOrder: 0
  m_LocalEulerAnglesHint: {x: 0, y: 0, z: 0}
--- !u!4 &4317984487055562
Transform:
  m_ObjectHideFlags: 1
  m_PrefabParentObject: {fileID: 0}
  m_PrefabInternal: {fileID: 100100000}
  m_GameObject: {fileID: 1015214455791522}
  m_LocalRotation: {x: -0.0000004783506, y: 0.00000038743022, z: -0.0409637, w: 0.99916065}
  m_LocalPosition: {x: -0.007419033, y: -0.000000019073486, z: 0}
  m_LocalScale: {x: 0.99999774, y: 1.0000021, z: 0.9999998}
  m_Children:
  - {fileID: 4305540453597708}
  m_Father: {fileID: 4623782893849358}
  m_RootOrder: 0
  m_LocalEulerAnglesHint: {x: 0, y: 0, z: 0}
--- !u!4 &4334152192617452
Transform:
  m_ObjectHideFlags: 1
  m_PrefabParentObject: {fileID: 0}
  m_PrefabInternal: {fileID: 100100000}
  m_GameObject: {fileID: 1402686633622774}
  m_LocalRotation: {x: 0.007025084, y: -0.11692793, z: 0.991328, w: -0.059559323}
  m_LocalPosition: {x: 0.03990673, y: -0.084380776, z: -0.039209273}
  m_LocalScale: {x: 1, y: 1, z: 1}
  m_Children:
  - {fileID: 4352016304783440}
  m_Father: {fileID: 4287255928940160}
  m_RootOrder: 0
  m_LocalEulerAnglesHint: {x: 0, y: 0, z: 0}
--- !u!4 &4347916615084366
Transform:
  m_ObjectHideFlags: 1
  m_PrefabParentObject: {fileID: 0}
  m_PrefabInternal: {fileID: 100100000}
  m_GameObject: {fileID: 1652406366932786}
  m_LocalRotation: {x: 0.50000006, y: -0.50000006, z: -0.49999994, w: 0.49999994}
  m_LocalPosition: {x: 0.035180755, y: -3.133216e-10, z: 0.00058279186}
  m_LocalScale: {x: 0.99999994, y: 0.99999994, z: 0.99999994}
  m_Children: []
  m_Father: {fileID: 4296362282541624}
  m_RootOrder: 2
  m_LocalEulerAnglesHint: {x: 0, y: 0, z: 0}
--- !u!4 &4352016304783440
Transform:
  m_ObjectHideFlags: 1
  m_PrefabParentObject: {fileID: 0}
  m_PrefabInternal: {fileID: 100100000}
  m_GameObject: {fileID: 1925012198024008}
  m_LocalRotation: {x: -0.000000004889444, y: -9.313226e-10, z: -4.5536495e-18, w: 1}
  m_LocalPosition: {x: -0.07042967, y: 0, z: 0}
  m_LocalScale: {x: 1, y: 0.99999994, z: 0.99999994}
  m_Children: []
  m_Father: {fileID: 4334152192617452}
  m_RootOrder: 0
  m_LocalEulerAnglesHint: {x: 0, y: 0, z: 0}
--- !u!4 &4370001847975010
Transform:
  m_ObjectHideFlags: 1
  m_PrefabParentObject: {fileID: 0}
  m_PrefabInternal: {fileID: 100100000}
  m_GameObject: {fileID: 1481971444854200}
  m_LocalRotation: {x: 0.010957308, y: 0.79446596, z: 0.026394757, w: 0.606636}
  m_LocalPosition: {x: 0.012160893, y: 0.013618815, z: 0.024469752}
  m_LocalScale: {x: 1, y: 1, z: 0.99999994}
  m_Children:
  - {fileID: 4580845345895830}
  m_Father: {fileID: 4522119389453040}
  m_RootOrder: 1
  m_LocalEulerAnglesHint: {x: -1.7870001, y: 114.007, z: 2.8620002}
--- !u!4 &4377284476677166
Transform:
  m_ObjectHideFlags: 1
  m_PrefabParentObject: {fileID: 0}
  m_PrefabInternal: {fileID: 100100000}
  m_GameObject: {fileID: 1706643650147168}
  m_LocalRotation: {x: 0.0014843643, y: 0.1547705, z: 0.00672891, w: 0.9879265}
  m_LocalPosition: {x: -0.01661252, y: 0.0010323905, z: 0.009811231}
  m_LocalScale: {x: 1.0000018, y: 0.99999845, z: 1}
  m_Children:
  - {fileID: 4807869234687038}
  m_Father: {fileID: 4234431135661358}
  m_RootOrder: 3
  m_LocalEulerAnglesHint: {x: 0, y: 0, z: 0}
--- !u!4 &4382180743367950
Transform:
  m_ObjectHideFlags: 1
  m_PrefabParentObject: {fileID: 0}
  m_PrefabInternal: {fileID: 100100000}
  m_GameObject: {fileID: 1774051147276054}
  m_LocalRotation: {x: 0.03154998, y: 0.59314924, z: -0.078386486, w: 0.80064607}
  m_LocalPosition: {x: -0.00266942, y: -0.003482189, z: 0.0013833734}
  m_LocalScale: {x: 1.0000006, y: 0.9999974, z: 1.0000023}
  m_Children:
  - {fileID: 4777922380415864}
  m_Father: {fileID: 4234431135661358}
  m_RootOrder: 0
  m_LocalEulerAnglesHint: {x: 0, y: 0, z: 0}
--- !u!4 &4387394090451428
Transform:
  m_ObjectHideFlags: 1
  m_PrefabParentObject: {fileID: 0}
  m_PrefabInternal: {fileID: 100100000}
  m_GameObject: {fileID: 1100581870809540}
  m_LocalRotation: {x: -0.0000017810092, y: -0.00000027862828, z: 0.12181705, w: 0.9925526}
  m_LocalPosition: {x: -0.028929481, y: -5.9604643e-10, z: 0}
  m_LocalScale: {x: 1, y: 1.0000004, z: 1}
  m_Children:
  - {fileID: 4522119389453040}
  m_Father: {fileID: 4216828769797836}
  m_RootOrder: 0
  m_LocalEulerAnglesHint: {x: 0, y: 0, z: 0}
--- !u!4 &4393205527957336
Transform:
  m_ObjectHideFlags: 1
  m_PrefabParentObject: {fileID: 0}
  m_PrefabInternal: {fileID: 100100000}
  m_GameObject: {fileID: 1721860396314466}
  m_LocalRotation: {x: -0.007025084, y: 0.11692793, z: 0.991328, w: -0.059559323}
  m_LocalPosition: {x: 0.03990673, y: -0.084380776, z: 0.039209273}
  m_LocalScale: {x: 1, y: 1, z: 1}
  m_Children:
  - {fileID: 4913363134901370}
  m_Father: {fileID: 4287255928940160}
  m_RootOrder: 1
  m_LocalEulerAnglesHint: {x: 0, y: 0, z: 0}
--- !u!4 &4448364243050850
Transform:
  m_ObjectHideFlags: 1
  m_PrefabParentObject: {fileID: 0}
  m_PrefabInternal: {fileID: 100100000}
  m_GameObject: {fileID: 1985661704389134}
  m_LocalRotation: {x: -0.00000007741619, y: -0.0000000032596532, z: 0.0000003129244,
    w: 1}
  m_LocalPosition: {x: -0.023888329, y: -0.000000014305114, z: 0}
  m_LocalScale: {x: 1, y: 0.99999994, z: 0.99999994}
  m_Children: []
  m_Father: {fileID: 4301835807868528}
  m_RootOrder: 0
  m_LocalEulerAnglesHint: {x: 0, y: 0, z: 0}
--- !u!4 &4460616142849722
Transform:
  m_ObjectHideFlags: 1
  m_PrefabParentObject: {fileID: 0}
  m_PrefabInternal: {fileID: 100100000}
  m_GameObject: {fileID: 1698531469070624}
  m_LocalRotation: {x: 0.009263336, y: 0.009744051, z: -0.025612716, w: 0.9995816}
  m_LocalPosition: {x: -0.017638998, y: 0.0004800415, z: -0.0106940735}
  m_LocalScale: {x: 1.0000014, y: 0.9999982, z: 1.0000007}
  m_Children:
  - {fileID: 4757907054606544}
  m_Father: {fileID: 4234431135661358}
  m_RootOrder: 4
  m_LocalEulerAnglesHint: {x: 0, y: 0, z: 0}
--- !u!4 &4480554696287890
Transform:
  m_ObjectHideFlags: 1
  m_PrefabParentObject: {fileID: 0}
  m_PrefabInternal: {fileID: 100100000}
  m_GameObject: {fileID: 1707750081922890}
  m_LocalRotation: {x: -0.0109589165, y: -0.7944661, z: 0.026393192, w: 0.60663575}
  m_LocalPosition: {x: 0.012160893, y: 0.013618815, z: -0.024469746}
  m_LocalScale: {x: 1, y: 1, z: 1}
  m_Children:
  - {fileID: 4841316868902808}
  m_Father: {fileID: 4522119389453040}
  m_RootOrder: 2
  m_LocalEulerAnglesHint: {x: 0, y: 0, z: 0}
--- !u!4 &4484038238767216
Transform:
  m_ObjectHideFlags: 1
  m_PrefabParentObject: {fileID: 0}
  m_PrefabInternal: {fileID: 100100000}
  m_GameObject: {fileID: 1776842958364696}
  m_LocalRotation: {x: 0.040122062, y: 0.6076638, z: -0.08707612, w: 0.7883861}
  m_LocalPosition: {x: -0.06716582, y: 0.0000000037252903, z: -0.0000009168871}
  m_LocalScale: {x: 1.0000013, y: 0.9999999, z: 0.9999989}
  m_Children:
  - {fileID: 4234431135661358}
  m_Father: {fileID: 4580845345895830}
  m_RootOrder: 0
  m_LocalEulerAnglesHint: {x: 9.735001, y: 74.809006, z: -5.1540003}
--- !u!4 &4494258682026996
Transform:
  m_ObjectHideFlags: 1
  m_PrefabParentObject: {fileID: 0}
  m_PrefabInternal: {fileID: 100100000}
  m_GameObject: {fileID: 1703361363275012}
  m_LocalRotation: {x: 0.0000006775245, y: 0.00000021803928, z: -0.022644967, w: 0.9997436}
  m_LocalPosition: {x: -0.0077922055, y: -0.000000019073486, z: 0.0000000047683715}
  m_LocalScale: {x: 0.999998, y: 1.0000024, z: 0.9999996}
  m_Children: []
  m_Father: {fileID: 4704296584609974}
  m_RootOrder: 0
  m_LocalEulerAnglesHint: {x: 0, y: 0, z: 0}
--- !u!4 &4495086152069012
Transform:
  m_ObjectHideFlags: 1
  m_PrefabParentObject: {fileID: 0}
  m_PrefabInternal: {fileID: 100100000}
  m_GameObject: {fileID: 1774926591007852}
  m_LocalRotation: {x: 0.000000022351733, y: 0.000000111758716, z: 0.00000008940697,
    w: 1}
  m_LocalPosition: {x: -0.02388835, y: -0.000000009536743, z: 0.0000000047683715}
  m_LocalScale: {x: 1, y: 1, z: 1.0000001}
  m_Children: []
  m_Father: {fileID: 4139180876396464}
  m_RootOrder: 0
  m_LocalEulerAnglesHint: {x: 0, y: 0, z: 0}
--- !u!4 &4508776840827322
Transform:
  m_ObjectHideFlags: 1
  m_PrefabParentObject: {fileID: 0}
  m_PrefabInternal: {fileID: 100100000}
  m_GameObject: {fileID: 1555620197460768}
  m_LocalRotation: {x: 0.6770151, y: 0.32642028, z: -0.24589099, w: 0.6120769}
  m_LocalPosition: {x: -0.06915392, y: -0.00000033318062, z: -0.0000012050137}
  m_LocalScale: {x: 0.9999983, y: 1.0000017, z: 0.9999999}
  m_Children:
  - {fileID: 4809046565781630}
  - {fileID: 4628435697452088}
  - {fileID: 4014886659334320}
  - {fileID: 4623782893849358}
  - {fileID: 4263136714932060}
  m_Father: {fileID: 4680500711099082}
  m_RootOrder: 0
  m_LocalEulerAnglesHint: {x: 98.390015, y: -27.177979, z: -75.05701}
--- !u!4 &4522119389453040
Transform:
  m_ObjectHideFlags: 1
  m_PrefabParentObject: {fileID: 0}
  m_PrefabInternal: {fileID: 100100000}
  m_GameObject: {fileID: 1760109360976246}
  m_LocalRotation: {x: 0.000000115948716, y: 0.00000027250158, z: -0.12539527, w: 0.99210685}
  m_LocalPosition: {x: -0.059466038, y: 0.0000000047683715, z: 9.094947e-15}
  m_LocalScale: {x: 0.9999994, y: 0.9999991, z: 1}
  m_Children:
  - {fileID: 4301087604805346}
  - {fileID: 4370001847975010}
  - {fileID: 4480554696287890}
  m_Father: {fileID: 4387394090451428}
  m_RootOrder: 0
  m_LocalEulerAnglesHint: {x: 0, y: 0, z: 0}
--- !u!4 &4526567309816644
Transform:
  m_ObjectHideFlags: 1
  m_PrefabParentObject: {fileID: 0}
  m_PrefabInternal: {fileID: 100100000}
  m_GameObject: {fileID: 1203389366684202}
  m_LocalRotation: {x: -0.000000023445539, y: -0.00000006076165, z: 0.34877646, w: 0.937206}
  m_LocalPosition: {x: -0.0131311985, y: -0.0000000011920929, z: 5.820766e-13}
  m_LocalScale: {x: 0.99999994, y: 0.99999994, z: 1}
  m_Children:
  - {fileID: 4287255928940160}
  m_Father: {fileID: 4301087604805346}
  m_RootOrder: 0
  m_LocalEulerAnglesHint: {x: 0, y: 0, z: 0}
--- !u!4 &4527164471233032
Transform:
  m_ObjectHideFlags: 1
  m_PrefabParentObject: {fileID: 0}
  m_PrefabInternal: {fileID: 100100000}
  m_GameObject: {fileID: 1016045452770780}
  m_LocalRotation: {x: 0.000000478138, y: 0.00000054545507, z: -0.022647373, w: 0.9997435}
  m_LocalPosition: {x: -0.0077922055, y: 0.000000038146972, z: 0.0000000023841857}
  m_LocalScale: {x: 1.0000024, y: 0.9999978, z: 1.0000002}
  m_Children: []
  m_Father: {fileID: 4549985695810166}
  m_RootOrder: 0
  m_LocalEulerAnglesHint: {x: 0, y: 0, z: 0}
--- !u!4 &4549985695810166
Transform:
  m_ObjectHideFlags: 1
  m_PrefabParentObject: {fileID: 0}
  m_PrefabInternal: {fileID: 100100000}
  m_GameObject: {fileID: 1385603099198376}
  m_LocalRotation: {x: 0.0000004982667, y: 0.0000005293083, z: -0.022647468, w: 0.9997435}
  m_LocalPosition: {x: -0.0077922246, y: 0.000000019073486, z: 0.000000007152557}
  m_LocalScale: {x: 1.0000021, y: 0.999998, z: 1.0000004}
  m_Children:
  - {fileID: 4527164471233032}
  m_Father: {fileID: 4762913154103516}
  m_RootOrder: 0
  m_LocalEulerAnglesHint: {x: 0, y: 0, z: 0}
--- !u!4 &4557396068615144
Transform:
  m_ObjectHideFlags: 1
  m_PrefabParentObject: {fileID: 0}
  m_PrefabInternal: {fileID: 100100000}
  m_GameObject: {fileID: 1442124875180582}
  m_LocalRotation: {x: -0.11378939, y: -0.36724496, z: 0.9181655, w: -0.09568357}
  m_LocalPosition: {x: -0.0080414, y: 0.044220023, z: 0.043032344}
  m_LocalScale: {x: 1, y: 1, z: 1}
  m_Children:
  - {fileID: 4095569478591964}
  m_Father: {fileID: 4133880581581736}
  m_RootOrder: 2
  m_LocalEulerAnglesHint: {x: 0, y: 0, z: 0}
--- !u!4 &4563109949730418
Transform:
  m_ObjectHideFlags: 1
  m_PrefabParentObject: {fileID: 0}
  m_PrefabInternal: {fileID: 100100000}
  m_GameObject: {fileID: 1015893943243044}
  m_LocalRotation: {x: -0.000000199303, y: 0.000000020489038, z: 0.00000029802325,
    w: 1}
  m_LocalPosition: {x: -0.02388834, y: -0.000000009536743, z: 0.000000002980232}
  m_LocalScale: {x: 1, y: 1.0000001, z: 1}
  m_Children: []
  m_Father: {fileID: 4143680826591928}
  m_RootOrder: 0
  m_LocalEulerAnglesHint: {x: 0, y: 0, z: 0}
--- !u!4 &4580845345895830
Transform:
  m_ObjectHideFlags: 1
  m_PrefabParentObject: {fileID: 0}
  m_PrefabInternal: {fileID: 100100000}
  m_GameObject: {fileID: 1195530818389578}
  m_LocalRotation: {x: 0.038255334, y: 0.20642684, z: -0.022562442, w: 0.97745353}
  m_LocalPosition: {x: -0.02725797, y: 0.0000002986053, z: -0.00000033527616}
  m_LocalScale: {x: 1, y: 1, z: 1}
  m_Children:
  - {fileID: 4484038238767216}
  m_Father: {fileID: 4370001847975010}
  m_RootOrder: 0
  m_LocalEulerAnglesHint: {x: 4.8240004, y: 23.781002, z: -1.628}
--- !u!4 &4581560701082686
Transform:
  m_ObjectHideFlags: 1
  m_PrefabParentObject: {fileID: 0}
  m_PrefabInternal: {fileID: 100100000}
  m_GameObject: {fileID: 1972689030630508}
  m_LocalRotation: {x: 0.0000000041909516, y: 0.000000014901163, z: -0.0000000037252907,
    w: 1}
  m_LocalPosition: {x: -0.070429705, y: -0.000000009536743, z: 0.000000009536743}
  m_LocalScale: {x: 0.99999994, y: 1, z: 1}
  m_Children: []
  m_Father: {fileID: 4115121354785422}
  m_RootOrder: 0
  m_LocalEulerAnglesHint: {x: 0, y: 0, z: 0}
--- !u!4 &4583483246772848
Transform:
  m_ObjectHideFlags: 1
  m_PrefabParentObject: {fileID: 0}
  m_PrefabInternal: {fileID: 100100000}
  m_GameObject: {fileID: 1753375188626282}
  m_LocalRotation: {x: 0.12164278, y: 0.97996354, z: -0.15719217, w: 0.012851796}
  m_LocalPosition: {x: -0.015547523, y: -0.023216039, z: 0.022647962}
  m_LocalScale: {x: 1, y: 1, z: 1}
  m_Children:
  - {fileID: 4104847438320534}
  m_Father: {fileID: 4133880581581736}
  m_RootOrder: 4
  m_LocalEulerAnglesHint: {x: 0, y: 0, z: 0}
--- !u!4 &4588939033259724
Transform:
  m_ObjectHideFlags: 1
  m_PrefabParentObject: {fileID: 0}
  m_PrefabInternal: {fileID: 100100000}
  m_GameObject: {fileID: 1653349485339270}
  m_LocalRotation: {x: 0.00000014307136, y: 0.00000012749103, z: -0.0260725, w: 0.9996601}
  m_LocalPosition: {x: -0.0083164405, y: 0.000000019073486, z: 0.0000000011920929}
  m_LocalScale: {x: 1.0000025, y: 0.99999774, z: 0.99999994}
  m_Children:
  - {fileID: 4061353509232412}
  m_Father: {fileID: 4675762441814372}
  m_RootOrder: 0
  m_LocalEulerAnglesHint: {x: 0, y: 0, z: 0}
--- !u!4 &4593918913748718
Transform:
  m_ObjectHideFlags: 1
  m_PrefabParentObject: {fileID: 0}
  m_PrefabInternal: {fileID: 100100000}
  m_GameObject: {fileID: 1257074726372860}
  m_LocalRotation: {x: -0.066942446, y: 0.380905, z: 0.91924685, w: -0.07358901}
  m_LocalPosition: {x: 0.03337864, y: -0.05172034, z: 0.09187926}
  m_LocalScale: {x: 1, y: 1, z: 1}
  m_Children:
  - {fileID: 4308141718012760}
  m_Father: {fileID: 4287255928940160}
  m_RootOrder: 2
  m_LocalEulerAnglesHint: {x: -32.465, y: -16.709002, z: -159.847}
--- !u!4 &4608717782091862
Transform:
  m_ObjectHideFlags: 1
  m_PrefabParentObject: {fileID: 0}
  m_PrefabInternal: {fileID: 100100000}
  m_GameObject: {fileID: 1973521406422744}
  m_LocalRotation: {x: -0.031606622, y: -0.0067892056, z: -0.48037475, w: 0.87646735}
  m_LocalPosition: {x: -0.060514193, y: 0, z: 0}
  m_LocalScale: {x: 1.0000081, y: 0.9999908, z: 1.0000011}
  m_Children:
  - {fileID: 4896591061292252}
  m_Father: {fileID: 4784598762672752}
  m_RootOrder: 0
  m_LocalEulerAnglesHint: {x: 0, y: 0, z: 0}
--- !u!4 &4623782893849358
Transform:
  m_ObjectHideFlags: 1
  m_PrefabParentObject: {fileID: 0}
  m_PrefabInternal: {fileID: 100100000}
  m_GameObject: {fileID: 1423734654380694}
  m_LocalRotation: {x: -0.0014831423, y: -0.15476906, z: 0.006731182, w: 0.98792666}
  m_LocalPosition: {x: -0.016612453, y: 0.0010322761, z: -0.009811215}
  m_LocalScale: {x: 0.9999984, y: 1.0000015, z: 0.9999999}
  m_Children:
  - {fileID: 4317984487055562}
  m_Father: {fileID: 4508776840827322}
  m_RootOrder: 3
  m_LocalEulerAnglesHint: {x: 0, y: 0, z: 0}
--- !u!4 &4628435697452088
Transform:
  m_ObjectHideFlags: 1
  m_PrefabParentObject: {fileID: 0}
  m_PrefabInternal: {fileID: 100100000}
  m_GameObject: {fileID: 1311393894008370}
  m_LocalRotation: {x: 0.00036833197, y: -0.03989882, z: -0.009232434, w: 0.999161}
  m_LocalPosition: {x: -0.017103003, y: 0.0010506439, z: -0.0028067115}
  m_LocalScale: {x: 0.9999982, y: 1.0000018, z: 0.9999998}
  m_Children:
  - {fileID: 4926931518016878}
  m_Father: {fileID: 4508776840827322}
  m_RootOrder: 1
  m_LocalEulerAnglesHint: {x: 0, y: 0, z: 0}
--- !u!4 &4647513519796572
Transform:
  m_ObjectHideFlags: 1
  m_PrefabParentObject: {fileID: 0}
  m_PrefabInternal: {fileID: 100100000}
  m_GameObject: {fileID: 1443734681892202}
  m_LocalRotation: {x: 0.00000019650906, y: -0.000000027939619, z: 0.00000029802325,
    w: 1}
  m_LocalPosition: {x: -0.02388834, y: -0.000000009536743, z: -0.0000000011920929}
  m_LocalScale: {x: 1, y: 1, z: 1}
  m_Children: []
  m_Father: {fileID: 4914212801431016}
  m_RootOrder: 0
  m_LocalEulerAnglesHint: {x: 0, y: 0, z: 0}
--- !u!4 &4675762441814372
Transform:
  m_ObjectHideFlags: 1
  m_PrefabParentObject: {fileID: 0}
  m_PrefabInternal: {fileID: 100100000}
  m_GameObject: {fileID: 1161487395982344}
  m_LocalRotation: {x: -0.0003676285, y: 0.039899033, z: -0.009235482, w: 0.999161}
  m_LocalPosition: {x: -0.01710307, y: 0.0010507583, z: 0.0028067245}
  m_LocalScale: {x: 1.0000021, y: 0.9999981, z: 0.99999994}
  m_Children:
  - {fileID: 4588939033259724}
  m_Father: {fileID: 4234431135661358}
  m_RootOrder: 1
  m_LocalEulerAnglesHint: {x: 0, y: 0, z: 0}
--- !u!4 &4680500711099082
Transform:
  m_ObjectHideFlags: 1
  m_PrefabParentObject: {fileID: 0}
  m_PrefabInternal: {fileID: 100100000}
  m_GameObject: {fileID: 1558334242421306}
  m_LocalRotation: {x: -0.07040928, y: 0.06706122, z: -0.02102244, w: 0.9950394}
  m_LocalPosition: {x: -0.06716164, y: -0.000000011920928, z: -0.00000022888183}
  m_LocalScale: {x: 0.99999875, y: 1.0000001, z: 1.0000011}
  m_Children:
  - {fileID: 4508776840827322}
  m_Father: {fileID: 4841316868902808}
  m_RootOrder: 0
  m_LocalEulerAnglesHint: {x: 4.163, y: -77.866005, z: -1.4310001}
--- !u!4 &4704296584609974
Transform:
  m_ObjectHideFlags: 1
  m_PrefabParentObject: {fileID: 0}
  m_PrefabInternal: {fileID: 100100000}
  m_GameObject: {fileID: 1227821771547006}
  m_LocalRotation: {x: 0.000000691784, y: 0.00000018953652, z: -0.022644872, w: 0.9997436}
  m_LocalPosition: {x: -0.0077921865, y: -0.000000019073486, z: 0.0000000047683715}
  m_LocalScale: {x: 0.99999815, y: 1.0000021, z: 0.9999997}
  m_Children:
  - {fileID: 4494258682026996}
  m_Father: {fileID: 4014886659334320}
  m_RootOrder: 0
  m_LocalEulerAnglesHint: {x: 0, y: 0, z: 0}
--- !u!4 &4713595066558570
Transform:
  m_ObjectHideFlags: 1
  m_PrefabParentObject: {fileID: 0}
  m_PrefabInternal: {fileID: 100100000}
  m_GameObject: {fileID: 1487067583930714}
  m_LocalRotation: {x: 0.010764327, y: 0.9994112, z: -0.032437637, w: -0.003030747}
  m_LocalPosition: {x: 0.020484723, y: 0.01053591, z: -0.034624424}
  m_LocalScale: {x: 0.99999994, y: 1, z: 1}
  m_Children:
  - {fileID: 4784598762672752}
  m_Father: {fileID: 4133880581581736}
  m_RootOrder: 9
  m_LocalEulerAnglesHint: {x: 0, y: 0, z: 0}
--- !u!4 &4757907054606544
Transform:
  m_ObjectHideFlags: 1
  m_PrefabParentObject: {fileID: 0}
  m_PrefabInternal: {fileID: 100100000}
  m_GameObject: {fileID: 1385216035134286}
  m_LocalRotation: {x: 0.00000080545016, y: 0.0000010834813, z: -0.02625607, w: 0.99965525}
  m_LocalPosition: {x: -0.005645008, y: 0.000000019073486, z: 0.0000000047683715}
  m_LocalScale: {x: 1.0000017, y: 0.99999803, z: 1.0000007}
  m_Children:
  - {fileID: 4030168373758830}
  m_Father: {fileID: 4460616142849722}
  m_RootOrder: 0
  m_LocalEulerAnglesHint: {x: 0, y: 0, z: 0}
--- !u!4 &4762913154103516
Transform:
  m_ObjectHideFlags: 1
  m_PrefabParentObject: {fileID: 0}
  m_PrefabInternal: {fileID: 100100000}
  m_GameObject: {fileID: 1660542995053046}
  m_LocalRotation: {x: 0.003528893, y: 0.0036908407, z: -0.022461595, w: 0.9997347}
  m_LocalPosition: {x: -0.016985692, y: 0.00092012406, z: -0.003480969}
  m_LocalScale: {x: 1.0000019, y: 0.9999982, z: 1.0000002}
  m_Children:
  - {fileID: 4549985695810166}
  m_Father: {fileID: 4234431135661358}
  m_RootOrder: 2
  m_LocalEulerAnglesHint: {x: 0, y: 0, z: 0}
--- !u!4 &4774559664040712
Transform:
  m_ObjectHideFlags: 1
  m_PrefabParentObject: {fileID: 0}
  m_PrefabInternal: {fileID: 100100000}
  m_GameObject: {fileID: 1108195381208864}
  m_LocalRotation: {x: 0.0050490205, y: 0.09362654, z: -0.0051504266, w: 0.99558127}
  m_LocalPosition: {x: -0.014211158, y: -0.000000019073486, z: -0.000000019073486}
  m_LocalScale: {x: 0.9999991, y: 1.0000029, z: 0.99999774}
  m_Children:
  - {fileID: 4000734099160750}
  m_Father: {fileID: 4809046565781630}
  m_RootOrder: 0
  m_LocalEulerAnglesHint: {x: 0, y: 0, z: 0}
--- !u!4 &4775646380562680
Transform:
  m_ObjectHideFlags: 1
  m_PrefabParentObject: {fileID: 0}
  m_PrefabInternal: {fileID: 100100000}
  m_GameObject: {fileID: 1011577893364586}
  m_LocalRotation: {x: 0.010761155, y: 0.99941117, z: 0.032440186, w: 0.0030174812}
  m_LocalPosition: {x: 0.020484723, y: 0.01053591, z: 0.034624428}
  m_LocalScale: {x: 1, y: 1.0000001, z: 1}
  m_Children:
  - {fileID: 4952398653958700}
  m_Father: {fileID: 4133880581581736}
  m_RootOrder: 8
  m_LocalEulerAnglesHint: {x: 0, y: 0, z: 0}
--- !u!4 &4777922380415864
Transform:
  m_ObjectHideFlags: 1
  m_PrefabParentObject: {fileID: 0}
  m_PrefabInternal: {fileID: 100100000}
  m_GameObject: {fileID: 1104454898606766}
  m_LocalRotation: {x: -0.0050514024, y: -0.09361997, z: -0.0051509887, w: 0.9955819}
  m_LocalPosition: {x: -0.0142111825, y: 0, z: 0}
  m_LocalScale: {x: 1.0000008, y: 0.99999726, z: 1.0000023}
  m_Children:
  - {fileID: 4213948264814484}
  m_Father: {fileID: 4382180743367950}
  m_RootOrder: 0
  m_LocalEulerAnglesHint: {x: 0, y: 0, z: 0}
--- !u!4 &4784598762672752
Transform:
  m_ObjectHideFlags: 1
  m_PrefabParentObject: {fileID: 0}
  m_PrefabInternal: {fileID: 100100000}
  m_GameObject: {fileID: 1181192068813174}
  m_LocalRotation: {x: 0.008593923, y: -0.0008222207, z: 0.09676733, w: 0.9952696}
  m_LocalPosition: {x: -0.058069494, y: 0.00000002324581, z: -0.000000035762785}
  m_LocalScale: {x: 1.000002, y: 0.9999981, z: 1.0000001}
  m_Children:
  - {fileID: 4608717782091862}
  m_Father: {fileID: 4713595066558570}
  m_RootOrder: 0
  m_LocalEulerAnglesHint: {x: 0, y: 0, z: 0}
--- !u!4 &4807177271360780
Transform:
  m_ObjectHideFlags: 1
  m_PrefabParentObject: {fileID: 0}
  m_PrefabInternal: {fileID: 100100000}
  m_GameObject: {fileID: 1463298331042280}
  m_LocalRotation: {x: 0.00000023180728, y: -0.00000008861622, z: 0.0012145853, w: 0.9999993}
  m_LocalPosition: {x: -0.022393435, y: 0.011703318, z: -0.0000000029810405}
  m_LocalScale: {x: 1.0000004, y: 1.0000004, z: 1}
  m_Children:
  - {fileID: 4216828769797836}
  m_Father: {fileID: 4133880581581736}
  m_RootOrder: 0
  m_LocalEulerAnglesHint: {x: 0, y: 0, z: 0}
--- !u!4 &4807869234687038
Transform:
  m_ObjectHideFlags: 1
  m_PrefabParentObject: {fileID: 0}
  m_PrefabInternal: {fileID: 100100000}
  m_GameObject: {fileID: 1052891239960450}
  m_LocalRotation: {x: -0.00000008894128, y: -0.00000019371502, z: -0.04096526, w: 0.99916065}
  m_LocalPosition: {x: -0.007419071, y: 0.000000019073486, z: 0}
  m_LocalScale: {x: 1.0000025, y: 0.9999978, z: 1}
  m_Children:
  - {fileID: 4082698393353522}
  m_Father: {fileID: 4377284476677166}
  m_RootOrder: 0
  m_LocalEulerAnglesHint: {x: 0, y: 0, z: 0}
--- !u!4 &4809046565781630
Transform:
  m_ObjectHideFlags: 1
  m_PrefabParentObject: {fileID: 0}
  m_PrefabInternal: {fileID: 100100000}
  m_GameObject: {fileID: 1222221131428804}
  m_LocalRotation: {x: -0.031547684, y: -0.5931503, z: -0.078383386, w: 0.80064565}
  m_LocalPosition: {x: -0.0026694487, y: -0.0034822081, z: -0.0013833751}
  m_LocalScale: {x: 0.99999934, y: 1.0000026, z: 0.99999785}
  m_Children:
  - {fileID: 4774559664040712}
  m_Father: {fileID: 4508776840827322}
  m_RootOrder: 0
  m_LocalEulerAnglesHint: {x: 0, y: 0, z: 0}
--- !u!4 &4811049809817952
Transform:
  m_ObjectHideFlags: 1
  m_PrefabParentObject: {fileID: 0}
  m_PrefabInternal: {fileID: 100100000}
  m_GameObject: {fileID: 1092735876069258}
  m_LocalRotation: {x: 0.031620946, y: 0.006768052, z: -0.48051563, w: 0.8763898}
  m_LocalPosition: {x: -0.060514193, y: -0.0000000023841857, z: 0.0000000023841857}
  m_LocalScale: {x: 0.9999976, y: 1.0000027, z: 0.9999996}
  m_Children:
  - {fileID: 4226329099336242}
  m_Father: {fileID: 4952398653958700}
  m_RootOrder: 0
  m_LocalEulerAnglesHint: {x: 0, y: 0, z: 0}
--- !u!4 &4841316868902808
Transform:
  m_ObjectHideFlags: 1
  m_PrefabParentObject: {fileID: 0}
  m_PrefabInternal: {fileID: 100100000}
  m_GameObject: {fileID: 1090162916563266}
  m_LocalRotation: {x: 0.21640955, y: 0.12500755, z: -0.5650063, w: 0.78632563}
  m_LocalPosition: {x: -0.027256822, y: -0.000000036903657, z: 0.000000044703484}
  m_LocalScale: {x: 1, y: 1, z: 0.9999999}
  m_Children:
  - {fileID: 4680500711099082}
  m_Father: {fileID: 4480554696287890}
  m_RootOrder: 0
  m_LocalEulerAnglesHint: {x: 28.79, y: -3.137, z: -72.203}
--- !u!4 &4896591061292252
Transform:
  m_ObjectHideFlags: 1
  m_PrefabParentObject: {fileID: 0}
  m_PrefabInternal: {fileID: 100100000}
  m_GameObject: {fileID: 1825668446365558}
  m_LocalRotation: {x: 0.0021641715, y: -0.010413115, z: -0.3816434, w: 0.92424846}
  m_LocalPosition: {x: -0.025070366, y: 0.0020832561, z: -0.00005530357}
  m_LocalScale: {x: 1.0000044, y: 0.99999565, z: 1.0000001}
  m_Children: []
  m_Father: {fileID: 4608717782091862}
  m_RootOrder: 0
  m_LocalEulerAnglesHint: {x: -0.22600001, y: -1.1980001, z: -19.912}
--- !u!4 &4898284241477206
Transform:
  m_ObjectHideFlags: 1
  m_PrefabParentObject: {fileID: 0}
  m_PrefabInternal: {fileID: 100100000}
  m_GameObject: {fileID: 1068378106355490}
  m_LocalRotation: {x: 0.50000006, y: -0.50000006, z: -0.49999994, w: 0.49999994}
  m_LocalPosition: {x: -0, y: 0, z: 0}
  m_LocalScale: {x: 0.99999994, y: 0.99999994, z: 0.99999994}
  m_Children: []
  m_Father: {fileID: 4296362282541624}
  m_RootOrder: 0
  m_LocalEulerAnglesHint: {x: 0, y: 0, z: 0}
--- !u!4 &4913363134901370
Transform:
  m_ObjectHideFlags: 1
  m_PrefabParentObject: {fileID: 0}
  m_PrefabInternal: {fileID: 100100000}
  m_GameObject: {fileID: 1698605759851086}
  m_LocalRotation: {x: -0.000000002561137, y: -9.54098e-18, z: 0.0000000037252903,
    w: 1}
  m_LocalPosition: {x: -0.07042967, y: 0, z: 0}
  m_LocalScale: {x: 1, y: 1, z: 1}
  m_Children: []
  m_Father: {fileID: 4393205527957336}
  m_RootOrder: 0
  m_LocalEulerAnglesHint: {x: 0, y: 0, z: 0}
--- !u!4 &4914212801431016
Transform:
  m_ObjectHideFlags: 1
  m_PrefabParentObject: {fileID: 0}
  m_PrefabInternal: {fileID: 100100000}
  m_GameObject: {fileID: 1633009500064616}
  m_LocalRotation: {x: 0.16113727, y: 0.7968728, z: -0.5766422, w: 0.080699734}
  m_LocalPosition: {x: -0.013544178, y: 0.0041676736, z: 0.053088136}
  m_LocalScale: {x: 1, y: 1, z: 1}
  m_Children:
  - {fileID: 4647513519796572}
  m_Father: {fileID: 4133880581581736}
  m_RootOrder: 3
  m_LocalEulerAnglesHint: {x: 0, y: 0, z: 0}
--- !u!4 &4926931518016878
Transform:
  m_ObjectHideFlags: 1
  m_PrefabParentObject: {fileID: 0}
  m_PrefabInternal: {fileID: 100100000}
  m_GameObject: {fileID: 1777105638530772}
  m_LocalRotation: {x: 0.00000019205383, y: 0.0000000945461, z: -0.026069697, w: 0.99966013}
  m_LocalPosition: {x: -0.008316421, y: -0.000000019073486, z: 0.0000000023841857}
  m_LocalScale: {x: 0.9999979, y: 1.000002, z: 0.9999998}
  m_Children:
  - {fileID: 4240014892140296}
  m_Father: {fileID: 4628435697452088}
  m_RootOrder: 0
  m_LocalEulerAnglesHint: {x: 0, y: 0, z: 0}
--- !u!4 &4938005408627992
Transform:
  m_ObjectHideFlags: 1
  m_PrefabParentObject: {fileID: 0}
  m_PrefabInternal: {fileID: 100100000}
  m_GameObject: {fileID: 1806402611690140}
  m_LocalRotation: {x: -0.70710677, y: -0.00000006181724, z: 2.7021173e-15, w: 0.7071068}
  m_LocalPosition: {x: -0, y: 0, z: -0.035656188}
  m_LocalScale: {x: 1, y: 1, z: 1}
  m_Children: []
  m_Father: {fileID: 4296362282541624}
  m_RootOrder: 4
  m_LocalEulerAnglesHint: {x: 0, y: 0, z: 0}
--- !u!4 &4952398653958700
Transform:
  m_ObjectHideFlags: 1
  m_PrefabParentObject: {fileID: 0}
  m_PrefabInternal: {fileID: 100100000}
  m_GameObject: {fileID: 1328477298886858}
  m_LocalRotation: {x: -0.0085989, y: 0.0008302323, z: 0.0969275, w: 0.995254}
  m_LocalPosition: {x: -0.058069505, y: 0.00000002324581, z: 0.00000004053116}
  m_LocalScale: {x: 1.0000004, y: 0.9999994, z: 1}
  m_Children:
  - {fileID: 4811049809817952}
  m_Father: {fileID: 4775646380562680}
  m_RootOrder: 0
  m_LocalEulerAnglesHint: {x: 0, y: 0, z: 0}
--- !u!95 &95612920252274996
Animator:
  serializedVersion: 3
  m_ObjectHideFlags: 1
  m_PrefabParentObject: {fileID: 0}
  m_PrefabInternal: {fileID: 100100000}
  m_GameObject: {fileID: 1054890854362092}
  m_Enabled: 1
  m_Avatar: {fileID: 9000000, guid: a0daa32ad8907834baf5ffa42abcc31a, type: 3}
  m_Controller: {fileID: 0}
  m_CullingMode: 1
  m_UpdateMode: 0
  m_ApplyRootMotion: 1
  m_LinearVelocityBlending: 0
  m_WarningMessage: 
  m_HasTransformHierarchy: 1
  m_AllowConstantClipSamplingOptimization: 1
--- !u!136 &136126233962306262
CapsuleCollider:
  m_ObjectHideFlags: 1
  m_PrefabParentObject: {fileID: 0}
  m_PrefabInternal: {fileID: 100100000}
  m_GameObject: {fileID: 1054890854362092}
  m_Material: {fileID: 0}
  m_IsTrigger: 0
  m_Enabled: 1
  m_Radius: 0.5431173
  m_Height: 1.3864186
  m_Direction: 1
  m_Center: {x: -0.2150227, y: 0.33902746, z: 0.1649109}
--- !u!137 &137340583789336100
SkinnedMeshRenderer:
  m_ObjectHideFlags: 1
  m_PrefabParentObject: {fileID: 0}
  m_PrefabInternal: {fileID: 100100000}
  m_GameObject: {fileID: 1478724837415164}
  m_Enabled: 1
  m_CastShadows: 1
  m_ReceiveShadows: 1
  m_MotionVectors: 1
  m_LightProbeUsage: 1
  m_ReflectionProbeUsage: 1
  m_Materials:
  - {fileID: 2100000, guid: 19a825ae9b80ecd4bb2f445db66e27fe, type: 2}
  m_StaticBatchInfo:
    firstSubMesh: 0
    subMeshCount: 0
  m_StaticBatchRoot: {fileID: 0}
  m_ProbeAnchor: {fileID: 0}
  m_LightProbeVolumeOverride: {fileID: 0}
  m_ScaleInLightmap: 1
  m_PreserveUVs: 0
  m_IgnoreNormalsForChartDetection: 0
  m_ImportantGI: 0
  m_SelectedEditorRenderState: 3
  m_MinimumChartSize: 4
  m_AutoUVMaxDistance: 0.5
  m_AutoUVMaxAngle: 89
  m_LightmapParameters: {fileID: 0}
  m_SortingLayerID: 0
  m_SortingLayer: 0
  m_SortingOrder: 0
  serializedVersion: 2
  m_Quality: 0
  m_UpdateWhenOffscreen: 0
  m_SkinnedMotionVectors: 1
  m_Mesh: {fileID: 4300000, guid: a0daa32ad8907834baf5ffa42abcc31a, type: 3}
  m_Bones:
  - {fileID: 4522119389453040}
  - {fileID: 4301087604805346}
  - {fileID: 4216828769797836}
  - {fileID: 4370001847975010}
  - {fileID: 4807177271360780}
  - {fileID: 4011344463339726}
  - {fileID: 4557396068615144}
  - {fileID: 4133880581581736}
  - {fileID: 4914212801431016}
  - {fileID: 4580845345895830}
  - {fileID: 4583483246772848}
  - {fileID: 4301835807868528}
  - {fileID: 4484038238767216}
  - {fileID: 4141148073728640}
  - {fileID: 4095569478591964}
  - {fileID: 4104847438320534}
  - {fileID: 4448364243050850}
  - {fileID: 4647513519796572}
  - {fileID: 4287255928940160}
  - {fileID: 4480554696287890}
  - {fileID: 4139180876396464}
  - {fileID: 4143680826591928}
  - {fileID: 4841316868902808}
  - {fileID: 4680500711099082}
  - {fileID: 4495086152069012}
  - {fileID: 4563109949730418}
  - {fileID: 4382180743367950}
  - {fileID: 4234431135661358}
  - {fileID: 4675762441814372}
  - {fileID: 4762913154103516}
  - {fileID: 4549985695810166}
  - {fileID: 4588939033259724}
  - {fileID: 4377284476677166}
  - {fileID: 4807869234687038}
  - {fileID: 4460616142849722}
  - {fileID: 4777922380415864}
  - {fileID: 4757907054606544}
  - {fileID: 4030168373758830}
  - {fileID: 4527164471233032}
  - {fileID: 4061353509232412}
  - {fileID: 4082698393353522}
  - {fileID: 4213948264814484}
  - {fileID: 4809046565781630}
  - {fileID: 4508776840827322}
  - {fileID: 4628435697452088}
  - {fileID: 4014886659334320}
  - {fileID: 4704296584609974}
  - {fileID: 4926931518016878}
  - {fileID: 4623782893849358}
  - {fileID: 4317984487055562}
  - {fileID: 4263136714932060}
  - {fileID: 4774559664040712}
  - {fileID: 4046657467361292}
  - {fileID: 4121119234560614}
  - {fileID: 4494258682026996}
  - {fileID: 4240014892140296}
  - {fileID: 4305540453597708}
  - {fileID: 4000734099160750}
  - {fileID: 4775646380562680}
  - {fileID: 4952398653958700}
  - {fileID: 4713595066558570}
  - {fileID: 4811049809817952}
  - {fileID: 4226329099336242}
  - {fileID: 4784598762672752}
  - {fileID: 4608717782091862}
  - {fileID: 4896591061292252}
  m_BlendShapeWeights: []
  m_RootBone: {fileID: 4133880581581736}
  m_AABB:
    m_Center: {x: -0.14037111, y: -0.034700632, z: -0.000000059604645}
    m_Extent: {x: 0.3252215, y: 0.15276602, z: 0.22350919}
  m_DirtyAABB: 0
--- !u!137 &137566519253913344
SkinnedMeshRenderer:
  m_ObjectHideFlags: 1
  m_PrefabParentObject: {fileID: 0}
  m_PrefabInternal: {fileID: 100100000}
  m_GameObject: {fileID: 1806402611690140}
  m_Enabled: 1
  m_CastShadows: 1
  m_ReceiveShadows: 1
  m_MotionVectors: 1
  m_LightProbeUsage: 1
  m_ReflectionProbeUsage: 1
  m_Materials:
  - {fileID: 2100000, guid: 19a825ae9b80ecd4bb2f445db66e27fe, type: 2}
  m_StaticBatchInfo:
    firstSubMesh: 0
    subMeshCount: 0
  m_StaticBatchRoot: {fileID: 0}
  m_ProbeAnchor: {fileID: 0}
  m_LightProbeVolumeOverride: {fileID: 0}
  m_ScaleInLightmap: 1
  m_PreserveUVs: 0
  m_IgnoreNormalsForChartDetection: 0
  m_ImportantGI: 0
  m_SelectedEditorRenderState: 3
  m_MinimumChartSize: 4
  m_AutoUVMaxDistance: 0.5
  m_AutoUVMaxAngle: 89
  m_LightmapParameters: {fileID: 0}
  m_SortingLayerID: 0
  m_SortingLayer: 0
  m_SortingOrder: 0
  serializedVersion: 2
  m_Quality: 0
  m_UpdateWhenOffscreen: 0
  m_SkinnedMotionVectors: 1
  m_Mesh: {fileID: 4300002, guid: a0daa32ad8907834baf5ffa42abcc31a, type: 3}
  m_Bones:
  - {fileID: 4287255928940160}
  - {fileID: 4334152192617452}
  - {fileID: 4393205527957336}
  - {fileID: 4913363134901370}
  - {fileID: 4593918913748718}
  - {fileID: 4308141718012760}
  - {fileID: 4352016304783440}
  - {fileID: 4115121354785422}
  - {fileID: 4581560701082686}
  m_BlendShapeWeights: []
  m_RootBone: {fileID: 4287255928940160}
  m_AABB:
    m_Center: {x: -0.060288846, y: -0.006838694, z: 0.0000018030405}
    m_Extent: {x: 0.2311694, y: 0.16503747, z: 0.15945327}
  m_DirtyAABB: 0
