%YAML 1.1
%TAG !u! tag:unity3d.com,2011:
--- !u!1001 &100100000
Prefab:
  m_ObjectHideFlags: 1
  serializedVersion: 2
  m_Modification:
    m_TransformParent: {fileID: 0}
    m_Modifications: []
    m_RemovedComponents: []
  m_ParentPrefab: {fileID: 0}
  m_RootGameObject: {fileID: 1976049219658736}
  m_IsPrefabParent: 1
--- !u!1 &1021530890332710
GameObject:
  m_ObjectHideFlags: 1
  m_PrefabParentObject: {fileID: 0}
  m_PrefabInternal: {fileID: 100100000}
  serializedVersion: 5
  m_Component:
  - component: {fileID: 4140828021892324}
  m_Layer: 0
  m_Name: Base HumanRDigit42
  m_TagString: Untagged
  m_Icon: {fileID: 0}
  m_NavMeshLayer: 0
  m_StaticEditorFlags: 0
  m_IsActive: 1
--- !u!1 &1042740531989788
GameObject:
  m_ObjectHideFlags: 1
  m_PrefabParentObject: {fileID: 0}
  m_PrefabInternal: {fileID: 100100000}
  serializedVersion: 5
  m_Component:
  - component: {fileID: 4087355890944238}
  m_Layer: 0
  m_Name: Base HumanRDigit41
  m_TagString: Untagged
  m_Icon: {fileID: 0}
  m_NavMeshLayer: 0
  m_StaticEditorFlags: 0
  m_IsActive: 1
--- !u!1 &1049372919145778
GameObject:
  m_ObjectHideFlags: 1
  m_PrefabParentObject: {fileID: 0}
  m_PrefabInternal: {fileID: 100100000}
  serializedVersion: 5
  m_Component:
  - component: {fileID: 4885684550130338}
  m_Layer: 0
  m_Name: Base HumanRFoot
  m_TagString: Untagged
  m_Icon: {fileID: 0}
  m_NavMeshLayer: 0
  m_StaticEditorFlags: 0
  m_IsActive: 1
--- !u!1 &1056646051528072
GameObject:
  m_ObjectHideFlags: 1
  m_PrefabParentObject: {fileID: 0}
  m_PrefabInternal: {fileID: 100100000}
  serializedVersion: 5
  m_Component:
  - component: {fileID: 4331085626906390}
  m_Layer: 0
  m_Name: Base HumanLDigit31
  m_TagString: Untagged
  m_Icon: {fileID: 0}
  m_NavMeshLayer: 0
  m_StaticEditorFlags: 0
  m_IsActive: 1
--- !u!1 &1058263469840618
GameObject:
  m_ObjectHideFlags: 1
  m_PrefabParentObject: {fileID: 0}
  m_PrefabInternal: {fileID: 100100000}
  serializedVersion: 5
  m_Component:
  - component: {fileID: 4709224049318050}
  m_Layer: 0
  m_Name: Base HumanLDigit22
  m_TagString: Untagged
  m_Icon: {fileID: 0}
  m_NavMeshLayer: 0
  m_StaticEditorFlags: 0
  m_IsActive: 1
--- !u!1 &1063336703031464
GameObject:
  m_ObjectHideFlags: 1
  m_PrefabParentObject: {fileID: 0}
  m_PrefabInternal: {fileID: 100100000}
  serializedVersion: 5
  m_Component:
  - component: {fileID: 4636776571849666}
  m_Layer: 0
  m_Name: Base HumanLDigit51
  m_TagString: Untagged
  m_Icon: {fileID: 0}
  m_NavMeshLayer: 0
  m_StaticEditorFlags: 0
  m_IsActive: 1
--- !u!1 &1073169082695982
GameObject:
  m_ObjectHideFlags: 1
  m_PrefabParentObject: {fileID: 0}
  m_PrefabInternal: {fileID: 100100000}
  serializedVersion: 5
  m_Component:
  - component: {fileID: 4773152503110352}
  m_Layer: 0
  m_Name: Base HumanSpine3-x
  m_TagString: Untagged
  m_Icon: {fileID: 0}
  m_NavMeshLayer: 0
  m_StaticEditorFlags: 0
  m_IsActive: 1
--- !u!1 &1106186804062004
GameObject:
  m_ObjectHideFlags: 0
  m_PrefabParentObject: {fileID: 0}
  m_PrefabInternal: {fileID: 100100000}
  serializedVersion: 5
  m_Component:
  - component: {fileID: 4187631128990222}
  m_Layer: 0
  m_Name: Base HumanPelvis
  m_TagString: Untagged
  m_Icon: {fileID: 0}
  m_NavMeshLayer: 0
  m_StaticEditorFlags: 0
  m_IsActive: 1
--- !u!1 &1133910784538760
GameObject:
  m_ObjectHideFlags: 1
  m_PrefabParentObject: {fileID: 0}
  m_PrefabInternal: {fileID: 100100000}
  serializedVersion: 5
  m_Component:
  - component: {fileID: 4719335004627676}
  m_Layer: 0
  m_Name: Base HumanRDigit23
  m_TagString: Untagged
  m_Icon: {fileID: 0}
  m_NavMeshLayer: 0
  m_StaticEditorFlags: 0
  m_IsActive: 1
--- !u!1 &1143801170434780
GameObject:
  m_ObjectHideFlags: 1
  m_PrefabParentObject: {fileID: 0}
  m_PrefabInternal: {fileID: 100100000}
  serializedVersion: 5
  m_Component:
  - component: {fileID: 4985307085896314}
  m_Layer: 0
  m_Name: Base HumanLThigh
  m_TagString: Untagged
  m_Icon: {fileID: 0}
  m_NavMeshLayer: 0
  m_StaticEditorFlags: 0
  m_IsActive: 1
--- !u!1 &1165863067379886
GameObject:
  m_ObjectHideFlags: 1
  m_PrefabParentObject: {fileID: 0}
  m_PrefabInternal: {fileID: 100100000}
  serializedVersion: 5
  m_Component:
  - component: {fileID: 4511708870132356}
  m_Layer: 0
  m_Name: Base HumanRThigh
  m_TagString: Untagged
  m_Icon: {fileID: 0}
  m_NavMeshLayer: 0
  m_StaticEditorFlags: 0
  m_IsActive: 1
--- !u!1 &1167013032365496
GameObject:
  m_ObjectHideFlags: 1
  m_PrefabParentObject: {fileID: 0}
  m_PrefabInternal: {fileID: 100100000}
  serializedVersion: 5
  m_Component:
  - component: {fileID: 4547640928331354}
  m_Layer: 0
  m_Name: Base HumanRibcage
  m_TagString: Untagged
  m_Icon: {fileID: 0}
  m_NavMeshLayer: 0
  m_StaticEditorFlags: 0
  m_IsActive: 1
--- !u!1 &1185714572893752
GameObject:
  m_ObjectHideFlags: 1
  m_PrefabParentObject: {fileID: 0}
  m_PrefabInternal: {fileID: 100100000}
  serializedVersion: 5
  m_Component:
  - component: {fileID: 4743177085057416}
  m_Layer: 0
  m_Name: Base HumanRDigit33
  m_TagString: Untagged
  m_Icon: {fileID: 0}
  m_NavMeshLayer: 0
  m_StaticEditorFlags: 0
  m_IsActive: 1
--- !u!1 &1219597649172406
GameObject:
  m_ObjectHideFlags: 0
  m_PrefabParentObject: {fileID: 0}
  m_PrefabInternal: {fileID: 100100000}
  serializedVersion: 5
  m_Component:
  - component: {fileID: 4959591396905506}
  m_Layer: 0
  m_Name: Base HumanRPlatform
  m_TagString: Untagged
  m_Icon: {fileID: 0}
  m_NavMeshLayer: 0
  m_StaticEditorFlags: 0
  m_IsActive: 1
--- !u!1 &1260487779800036
GameObject:
  m_ObjectHideFlags: 1
  m_PrefabParentObject: {fileID: 0}
  m_PrefabInternal: {fileID: 100100000}
  serializedVersion: 5
  m_Component:
  - component: {fileID: 4982516839482832}
  m_Layer: 0
  m_Name: Base HumanLPalm
  m_TagString: Untagged
  m_Icon: {fileID: 0}
  m_NavMeshLayer: 0
  m_StaticEditorFlags: 0
  m_IsActive: 1
--- !u!1 &1277664397038324
GameObject:
  m_ObjectHideFlags: 1
  m_PrefabParentObject: {fileID: 0}
  m_PrefabInternal: {fileID: 100100000}
  serializedVersion: 5
  m_Component:
  - component: {fileID: 4955675630514598}
  m_Layer: 0
  m_Name: Base HumanRDigit13
  m_TagString: Untagged
  m_Icon: {fileID: 0}
  m_NavMeshLayer: 0
  m_StaticEditorFlags: 0
  m_IsActive: 1
--- !u!1 &1299207187928764
GameObject:
  m_ObjectHideFlags: 1
  m_PrefabParentObject: {fileID: 0}
  m_PrefabInternal: {fileID: 100100000}
  serializedVersion: 5
  m_Component:
  - component: {fileID: 4373430826777614}
  m_Layer: 0
  m_Name: Base HumanLDigit42
  m_TagString: Untagged
  m_Icon: {fileID: 0}
  m_NavMeshLayer: 0
  m_StaticEditorFlags: 0
  m_IsActive: 1
--- !u!1 &1309629792237876
GameObject:
  m_ObjectHideFlags: 0
  m_PrefabParentObject: {fileID: 0}
  m_PrefabInternal: {fileID: 100100000}
  serializedVersion: 5
  m_Component:
  - component: {fileID: 4575510652301902}
  m_Layer: 0
  m_Name: Base Human
  m_TagString: Untagged
  m_Icon: {fileID: 0}
  m_NavMeshLayer: 0
  m_StaticEditorFlags: 0
  m_IsActive: 1
--- !u!1 &1319163946619266
GameObject:
  m_ObjectHideFlags: 1
  m_PrefabParentObject: {fileID: 0}
  m_PrefabInternal: {fileID: 100100000}
  serializedVersion: 5
  m_Component:
  - component: {fileID: 4697480014495664}
  m_Layer: 0
  m_Name: Base HumanLFoot
  m_TagString: Untagged
  m_Icon: {fileID: 0}
  m_NavMeshLayer: 0
  m_StaticEditorFlags: 0
  m_IsActive: 1
--- !u!1 &1364413378419138
GameObject:
  m_ObjectHideFlags: 1
  m_PrefabParentObject: {fileID: 0}
  m_PrefabInternal: {fileID: 100100000}
  serializedVersion: 5
  m_Component:
  - component: {fileID: 4220221112163484}
  m_Layer: 0
  m_Name: Base HumanLCalf
  m_TagString: Untagged
  m_Icon: {fileID: 0}
  m_NavMeshLayer: 0
  m_StaticEditorFlags: 0
  m_IsActive: 1
--- !u!1 &1369908544722402
GameObject:
  m_ObjectHideFlags: 1
  m_PrefabParentObject: {fileID: 0}
  m_PrefabInternal: {fileID: 100100000}
  serializedVersion: 5
  m_Component:
  - component: {fileID: 4673243412190600}
  m_Layer: 0
  m_Name: Base HumanRDigit11
  m_TagString: Untagged
  m_Icon: {fileID: 0}
  m_NavMeshLayer: 0
  m_StaticEditorFlags: 0
  m_IsActive: 1
--- !u!1 &1374554394746612
GameObject:
  m_ObjectHideFlags: 1
  m_PrefabParentObject: {fileID: 0}
  m_PrefabInternal: {fileID: 100100000}
  serializedVersion: 5
  m_Component:
  - component: {fileID: 4790696481747602}
  m_Layer: 0
  m_Name: Base HumanLDigit12
  m_TagString: Untagged
  m_Icon: {fileID: 0}
  m_NavMeshLayer: 0
  m_StaticEditorFlags: 0
  m_IsActive: 1
--- !u!1 &1393849141109464
GameObject:
  m_ObjectHideFlags: 1
  m_PrefabParentObject: {fileID: 0}
  m_PrefabInternal: {fileID: 100100000}
  serializedVersion: 5
  m_Component:
  - component: {fileID: 4083624463944710}
  m_Layer: 0
  m_Name: Base HumanRForearm
  m_TagString: Untagged
  m_Icon: {fileID: 0}
  m_NavMeshLayer: 0
  m_StaticEditorFlags: 0
  m_IsActive: 1
--- !u!1 &1419493082677846
GameObject:
  m_ObjectHideFlags: 1
  m_PrefabParentObject: {fileID: 0}
  m_PrefabInternal: {fileID: 100100000}
  serializedVersion: 5
  m_Component:
  - component: {fileID: 4542769046380026}
  m_Layer: 0
  m_Name: Base HumanLCollarbone
  m_TagString: Untagged
  m_Icon: {fileID: 0}
  m_NavMeshLayer: 0
  m_StaticEditorFlags: 0
  m_IsActive: 1
--- !u!1 &1442562919814892
GameObject:
  m_ObjectHideFlags: 1
  m_PrefabParentObject: {fileID: 0}
  m_PrefabInternal: {fileID: 100100000}
  serializedVersion: 5
  m_Component:
  - component: {fileID: 4437603216925224}
  m_Layer: 0
  m_Name: Base HumanSpine2
  m_TagString: Untagged
  m_Icon: {fileID: 0}
  m_NavMeshLayer: 0
  m_StaticEditorFlags: 0
  m_IsActive: 1
--- !u!1 &1450012359356240
GameObject:
  m_ObjectHideFlags: 0
  m_PrefabParentObject: {fileID: 0}
  m_PrefabInternal: {fileID: 100100000}
  serializedVersion: 5
  m_Component:
  - component: {fileID: 4399427120644810}
  - component: {fileID: 137974026831008490}
  m_Layer: 0
  m_Name: BOY_BODY_01
  m_TagString: Untagged
  m_Icon: {fileID: 0}
  m_NavMeshLayer: 0
  m_StaticEditorFlags: 0
  m_IsActive: 1
--- !u!1 &1487783815835338
GameObject:
  m_ObjectHideFlags: 1
  m_PrefabParentObject: {fileID: 0}
  m_PrefabInternal: {fileID: 100100000}
  serializedVersion: 5
  m_Component:
  - component: {fileID: 4977250638894686}
  m_Layer: 0
  m_Name: Base HumanLForearm
  m_TagString: Untagged
  m_Icon: {fileID: 0}
  m_NavMeshLayer: 0
  m_StaticEditorFlags: 0
  m_IsActive: 1
--- !u!1 &1534035129833518
GameObject:
  m_ObjectHideFlags: 1
  m_PrefabParentObject: {fileID: 0}
  m_PrefabInternal: {fileID: 100100000}
  serializedVersion: 5
  m_Component:
  - component: {fileID: 4363213522281872}
  m_Layer: 0
  m_Name: Base HumanNeck1
  m_TagString: Untagged
  m_Icon: {fileID: 0}
  m_NavMeshLayer: 0
  m_StaticEditorFlags: 0
  m_IsActive: 1
--- !u!1 &1545426732318016
GameObject:
  m_ObjectHideFlags: 1
  m_PrefabParentObject: {fileID: 0}
  m_PrefabInternal: {fileID: 100100000}
  serializedVersion: 5
  m_Component:
  - component: {fileID: 4655786041188214}
  m_Layer: 0
  m_Name: Base HumanLDigit13
  m_TagString: Untagged
  m_Icon: {fileID: 0}
  m_NavMeshLayer: 0
  m_StaticEditorFlags: 0
  m_IsActive: 1
--- !u!1 &1618985902921454
GameObject:
  m_ObjectHideFlags: 1
  m_PrefabParentObject: {fileID: 0}
  m_PrefabInternal: {fileID: 100100000}
  serializedVersion: 5
  m_Component:
  - component: {fileID: 4382000530512064}
  m_Layer: 0
  m_Name: Base HumanLDigit33
  m_TagString: Untagged
  m_Icon: {fileID: 0}
  m_NavMeshLayer: 0
  m_StaticEditorFlags: 0
  m_IsActive: 1
--- !u!1 &1631453397315154
GameObject:
  m_ObjectHideFlags: 1
  m_PrefabParentObject: {fileID: 0}
  m_PrefabInternal: {fileID: 100100000}
  serializedVersion: 5
  m_Component:
  - component: {fileID: 4229532303891402}
  m_Layer: 0
  m_Name: Base HumanLDigit23
  m_TagString: Untagged
  m_Icon: {fileID: 0}
  m_NavMeshLayer: 0
  m_StaticEditorFlags: 0
  m_IsActive: 1
--- !u!1 &1647754516701454
GameObject:
  m_ObjectHideFlags: 1
  m_PrefabParentObject: {fileID: 0}
  m_PrefabInternal: {fileID: 100100000}
  serializedVersion: 5
  m_Component:
  - component: {fileID: 4478683992335952}
  m_Layer: 0
  m_Name: Base HumanRDigit21
  m_TagString: Untagged
  m_Icon: {fileID: 0}
  m_NavMeshLayer: 0
  m_StaticEditorFlags: 0
  m_IsActive: 1
--- !u!1 &1656000538579236
GameObject:
  m_ObjectHideFlags: 1
  m_PrefabParentObject: {fileID: 0}
  m_PrefabInternal: {fileID: 100100000}
  serializedVersion: 5
  m_Component:
  - component: {fileID: 4280148439332360}
  m_Layer: 0
  m_Name: Base HumanRDigit22
  m_TagString: Untagged
  m_Icon: {fileID: 0}
  m_NavMeshLayer: 0
  m_StaticEditorFlags: 0
  m_IsActive: 1
--- !u!1 &1665709447715952
GameObject:
  m_ObjectHideFlags: 1
  m_PrefabParentObject: {fileID: 0}
  m_PrefabInternal: {fileID: 100100000}
  serializedVersion: 5
  m_Component:
  - component: {fileID: 4335283609078670}
  m_Layer: 0
  m_Name: Base HumanRUpperarm
  m_TagString: Untagged
  m_Icon: {fileID: 0}
  m_NavMeshLayer: 0
  m_StaticEditorFlags: 0
  m_IsActive: 1
--- !u!1 &1672630072914662
GameObject:
  m_ObjectHideFlags: 1
  m_PrefabParentObject: {fileID: 0}
  m_PrefabInternal: {fileID: 100100000}
  serializedVersion: 5
  m_Component:
  - component: {fileID: 4414944463395746}
  m_Layer: 0
  m_Name: Base HumanRDigit51
  m_TagString: Untagged
  m_Icon: {fileID: 0}
  m_NavMeshLayer: 0
  m_StaticEditorFlags: 0
  m_IsActive: 1
--- !u!1 &1676424650337854
GameObject:
  m_ObjectHideFlags: 1
  m_PrefabParentObject: {fileID: 0}
  m_PrefabInternal: {fileID: 100100000}
  serializedVersion: 5
  m_Component:
  - component: {fileID: 4888137361924018}
  m_Layer: 0
  m_Name: Base HumanNeck2-x
  m_TagString: Untagged
  m_Icon: {fileID: 0}
  m_NavMeshLayer: 0
  m_StaticEditorFlags: 0
  m_IsActive: 1
--- !u!1 &1676925667474990
GameObject:
  m_ObjectHideFlags: 1
  m_PrefabParentObject: {fileID: 0}
  m_PrefabInternal: {fileID: 100100000}
  serializedVersion: 5
  m_Component:
  - component: {fileID: 4853039380989724}
  m_Layer: 0
  m_Name: Base HumanSpine1
  m_TagString: Untagged
  m_Icon: {fileID: 0}
  m_NavMeshLayer: 0
  m_StaticEditorFlags: 0
  m_IsActive: 1
--- !u!1 &1715287787086182
GameObject:
  m_ObjectHideFlags: 1
  m_PrefabParentObject: {fileID: 0}
  m_PrefabInternal: {fileID: 100100000}
  serializedVersion: 5
  m_Component:
  - component: {fileID: 4830038925710808}
  m_Layer: 0
  m_Name: Base HumanLDigit21
  m_TagString: Untagged
  m_Icon: {fileID: 0}
  m_NavMeshLayer: 0
  m_StaticEditorFlags: 0
  m_IsActive: 1
--- !u!1 &1749085884522182
GameObject:
  m_ObjectHideFlags: 1
  m_PrefabParentObject: {fileID: 0}
  m_PrefabInternal: {fileID: 100100000}
  serializedVersion: 5
  m_Component:
  - component: {fileID: 4661690303149014}
  m_Layer: 0
  m_Name: Base HumanRDigit31
  m_TagString: Untagged
  m_Icon: {fileID: 0}
  m_NavMeshLayer: 0
  m_StaticEditorFlags: 0
  m_IsActive: 1
--- !u!1 &1775449748166834
GameObject:
  m_ObjectHideFlags: 1
  m_PrefabParentObject: {fileID: 0}
  m_PrefabInternal: {fileID: 100100000}
  serializedVersion: 5
  m_Component:
  - component: {fileID: 4467861731061630}
  m_Layer: 0
  m_Name: Base HumanLDigit43
  m_TagString: Untagged
  m_Icon: {fileID: 0}
  m_NavMeshLayer: 0
  m_StaticEditorFlags: 0
  m_IsActive: 1
--- !u!1 &1784102622022858
GameObject:
  m_ObjectHideFlags: 1
  m_PrefabParentObject: {fileID: 0}
  m_PrefabInternal: {fileID: 100100000}
  serializedVersion: 5
  m_Component:
  - component: {fileID: 4733017944926944}
  m_Layer: 0
  m_Name: Base HumanLDigit41
  m_TagString: Untagged
  m_Icon: {fileID: 0}
  m_NavMeshLayer: 0
  m_StaticEditorFlags: 0
  m_IsActive: 1
--- !u!1 &1805436967137240
GameObject:
  m_ObjectHideFlags: 1
  m_PrefabParentObject: {fileID: 0}
  m_PrefabInternal: {fileID: 100100000}
  serializedVersion: 5
  m_Component:
  - component: {fileID: 4013389868779410}
  m_Layer: 0
  m_Name: Base HumanRCalf
  m_TagString: Untagged
  m_Icon: {fileID: 0}
  m_NavMeshLayer: 0
  m_StaticEditorFlags: 0
  m_IsActive: 1
--- !u!1 &1811348766139688
GameObject:
  m_ObjectHideFlags: 1
  m_PrefabParentObject: {fileID: 0}
  m_PrefabInternal: {fileID: 100100000}
  serializedVersion: 5
  m_Component:
  - component: {fileID: 4954790396030454}
  m_Layer: 0
  m_Name: Base HumanRDigit52
  m_TagString: Untagged
  m_Icon: {fileID: 0}
  m_NavMeshLayer: 0
  m_StaticEditorFlags: 0
  m_IsActive: 1
--- !u!1 &1812430046341840
GameObject:
  m_ObjectHideFlags: 1
  m_PrefabParentObject: {fileID: 0}
  m_PrefabInternal: {fileID: 100100000}
  serializedVersion: 5
  m_Component:
  - component: {fileID: 4908859286864052}
  m_Layer: 0
  m_Name: Base HumanRPalm
  m_TagString: Untagged
  m_Icon: {fileID: 0}
  m_NavMeshLayer: 0
  m_StaticEditorFlags: 0
  m_IsActive: 1
--- !u!1 &1818171371979762
GameObject:
  m_ObjectHideFlags: 1
  m_PrefabParentObject: {fileID: 0}
  m_PrefabInternal: {fileID: 100100000}
  serializedVersion: 5
  m_Component:
  - component: {fileID: 4386815406882646}
  m_Layer: 0
  m_Name: Base HumanRDigit32
  m_TagString: Untagged
  m_Icon: {fileID: 0}
  m_NavMeshLayer: 0
  m_StaticEditorFlags: 0
  m_IsActive: 1
--- !u!1 &1821930165451610
GameObject:
  m_ObjectHideFlags: 0
  m_PrefabParentObject: {fileID: 0}
  m_PrefabInternal: {fileID: 100100000}
  serializedVersion: 5
  m_Component:
  - component: {fileID: 4616022665270274}
  - component: {fileID: 137375219476870782}
  m_Layer: 0
  m_Name: BOY_HAIR_01
  m_TagString: Untagged
  m_Icon: {fileID: 0}
  m_NavMeshLayer: 0
  m_StaticEditorFlags: 0
  m_IsActive: 1
--- !u!1 &1824461247733088
GameObject:
  m_ObjectHideFlags: 1
  m_PrefabParentObject: {fileID: 0}
  m_PrefabInternal: {fileID: 100100000}
  serializedVersion: 5
  m_Component:
  - component: {fileID: 4800107888896272}
  m_Layer: 0
  m_Name: Base HumanLDigit11 1
  m_TagString: Untagged
  m_Icon: {fileID: 0}
  m_NavMeshLayer: 0
  m_StaticEditorFlags: 0
  m_IsActive: 1
--- !u!1 &1832465299408954
GameObject:
  m_ObjectHideFlags: 1
  m_PrefabParentObject: {fileID: 0}
  m_PrefabInternal: {fileID: 100100000}
  serializedVersion: 5
  m_Component:
  - component: {fileID: 4921558258130516}
  m_Layer: 0
  m_Name: Base HumanLDigit11
  m_TagString: Untagged
  m_Icon: {fileID: 0}
  m_NavMeshLayer: 0
  m_StaticEditorFlags: 0
  m_IsActive: 1
--- !u!1 &1835862675606918
GameObject:
  m_ObjectHideFlags: 1
  m_PrefabParentObject: {fileID: 0}
  m_PrefabInternal: {fileID: 100100000}
  serializedVersion: 5
  m_Component:
  - component: {fileID: 4984132203357676}
  m_Layer: 0
  m_Name: Base HumanHead
  m_TagString: Untagged
  m_Icon: {fileID: 0}
  m_NavMeshLayer: 0
  m_StaticEditorFlags: 0
  m_IsActive: 1
--- !u!1 &1844232069745962
GameObject:
  m_ObjectHideFlags: 1
  m_PrefabParentObject: {fileID: 0}
  m_PrefabInternal: {fileID: 100100000}
  serializedVersion: 5
  m_Component:
  - component: {fileID: 4714765298342714}
  m_Layer: 0
  m_Name: Base HumanLDigit52
  m_TagString: Untagged
  m_Icon: {fileID: 0}
  m_NavMeshLayer: 0
  m_StaticEditorFlags: 0
  m_IsActive: 1
--- !u!1 &1895244711675228
GameObject:
  m_ObjectHideFlags: 1
  m_PrefabParentObject: {fileID: 0}
  m_PrefabInternal: {fileID: 100100000}
  serializedVersion: 5
  m_Component:
  - component: {fileID: 4385309977356160}
  m_Layer: 0
  m_Name: Base HumanLDigit53
  m_TagString: Untagged
  m_Icon: {fileID: 0}
  m_NavMeshLayer: 0
  m_StaticEditorFlags: 0
  m_IsActive: 1
--- !u!1 &1910413354558226
GameObject:
  m_ObjectHideFlags: 1
  m_PrefabParentObject: {fileID: 0}
  m_PrefabInternal: {fileID: 100100000}
  serializedVersion: 5
  m_Component:
  - component: {fileID: 4799115290536352}
  m_Layer: 0
  m_Name: Base HumanLUpperarm
  m_TagString: Untagged
  m_Icon: {fileID: 0}
  m_NavMeshLayer: 0
  m_StaticEditorFlags: 0
  m_IsActive: 1
--- !u!1 &1915832937945704
GameObject:
  m_ObjectHideFlags: 0
  m_PrefabParentObject: {fileID: 0}
  m_PrefabInternal: {fileID: 100100000}
  serializedVersion: 5
  m_Component:
  - component: {fileID: 4947182105519184}
  m_Layer: 0
  m_Name: Base HumanLPlatform
  m_TagString: Untagged
  m_Icon: {fileID: 0}
  m_NavMeshLayer: 0
  m_StaticEditorFlags: 0
  m_IsActive: 1
--- !u!1 &1917547054959986
GameObject:
  m_ObjectHideFlags: 1
  m_PrefabParentObject: {fileID: 0}
  m_PrefabInternal: {fileID: 100100000}
  serializedVersion: 5
  m_Component:
  - component: {fileID: 4604777313554608}
  m_Layer: 0
  m_Name: Base HumanRCollarbone
  m_TagString: Untagged
  m_Icon: {fileID: 0}
  m_NavMeshLayer: 0
  m_StaticEditorFlags: 0
  m_IsActive: 1
--- !u!1 &1924592725951518
GameObject:
  m_ObjectHideFlags: 1
  m_PrefabParentObject: {fileID: 0}
  m_PrefabInternal: {fileID: 100100000}
  serializedVersion: 5
  m_Component:
  - component: {fileID: 4361175100776606}
  m_Layer: 0
  m_Name: Base HumanRDigit12
  m_TagString: Untagged
  m_Icon: {fileID: 0}
  m_NavMeshLayer: 0
  m_StaticEditorFlags: 0
  m_IsActive: 1
--- !u!1 &1932002968717192
GameObject:
  m_ObjectHideFlags: 1
  m_PrefabParentObject: {fileID: 0}
  m_PrefabInternal: {fileID: 100100000}
  serializedVersion: 5
  m_Component:
  - component: {fileID: 4252772906078490}
  m_Layer: 0
  m_Name: Base HumanRDigit53
  m_TagString: Untagged
  m_Icon: {fileID: 0}
  m_NavMeshLayer: 0
  m_StaticEditorFlags: 0
  m_IsActive: 1
--- !u!1 &1948072579747254
GameObject:
  m_ObjectHideFlags: 1
  m_PrefabParentObject: {fileID: 0}
  m_PrefabInternal: {fileID: 100100000}
  serializedVersion: 5
  m_Component:
  - component: {fileID: 4962543959901072}
  m_Layer: 0
  m_Name: Base HumanLDigit32
  m_TagString: Untagged
  m_Icon: {fileID: 0}
  m_NavMeshLayer: 0
  m_StaticEditorFlags: 0
  m_IsActive: 1
--- !u!1 &1976049219658736
GameObject:
  m_ObjectHideFlags: 0
  m_PrefabParentObject: {fileID: 0}
  m_PrefabInternal: {fileID: 100100000}
  serializedVersion: 5
  m_Component:
  - component: {fileID: 4776066154278242}
  - component: {fileID: 95974967323433980}
  m_Layer: 0
  m_Name: Boy_1(Clone) 1
  m_TagString: Untagged
  m_Icon: {fileID: 0}
  m_NavMeshLayer: 0
  m_StaticEditorFlags: 0
  m_IsActive: 1
--- !u!1 &1990585220397032
GameObject:
  m_ObjectHideFlags: 1
  m_PrefabParentObject: {fileID: 0}
  m_PrefabInternal: {fileID: 100100000}
  serializedVersion: 5
  m_Component:
  - component: {fileID: 4353484276717206}
  m_Layer: 0
  m_Name: Base HumanRDigit11 1
  m_TagString: Untagged
  m_Icon: {fileID: 0}
  m_NavMeshLayer: 0
  m_StaticEditorFlags: 0
  m_IsActive: 1
--- !u!1 &1994967730336316
GameObject:
  m_ObjectHideFlags: 1
  m_PrefabParentObject: {fileID: 0}
  m_PrefabInternal: {fileID: 100100000}
  serializedVersion: 5
  m_Component:
  - component: {fileID: 4697153665171336}
  m_Layer: 0
  m_Name: Base HumanRDigit43
  m_TagString: Untagged
  m_Icon: {fileID: 0}
  m_NavMeshLayer: 0
  m_StaticEditorFlags: 0
  m_IsActive: 1
--- !u!4 &4013389868779410
Transform:
  m_ObjectHideFlags: 1
  m_PrefabParentObject: {fileID: 0}
  m_PrefabInternal: {fileID: 100100000}
  m_GameObject: {fileID: 1805436967137240}
  m_LocalRotation: {x: 0.008619118, y: 0.0050221304, z: 0.07037601, w: 0.9974707}
  m_LocalPosition: {x: -0.058938827, y: 0.000000022649765, z: -0.00000004053116}
  m_LocalScale: {x: 1.0000001, y: 0.9999999, z: 1}
  m_Children:
  - {fileID: 4885684550130338}
  m_Father: {fileID: 4511708870132356}
  m_RootOrder: 0
  m_LocalEulerAnglesHint: {x: 0, y: 0, z: 0}
--- !u!4 &4083624463944710
Transform:
  m_ObjectHideFlags: 1
  m_PrefabParentObject: {fileID: 0}
  m_PrefabInternal: {fileID: 100100000}
  m_GameObject: {fileID: 1393849141109464}
  m_LocalRotation: {x: -0.049050786, y: -0.13245212, z: -0.08874856, w: 0.985989}
  m_LocalPosition: {x: -0.06716188, y: 0.000000001353328, z: 0.00000074785214}
  m_LocalScale: {x: 1.0000067, y: 0.99999964, z: 0.99999386}
  m_Children:
  - {fileID: 4908859286864052}
  m_Father: {fileID: 4335283609078670}
  m_RootOrder: 0
  m_LocalEulerAnglesHint: {x: -6.906, y: -14.734001, z: -9.393001}
--- !u!4 &4087355890944238
Transform:
  m_ObjectHideFlags: 1
  m_PrefabParentObject: {fileID: 0}
  m_PrefabInternal: {fileID: 100100000}
  m_GameObject: {fileID: 1042740531989788}
  m_LocalRotation: {x: -0.003530711, y: -0.0036848038, z: -0.02246447, w: 0.99973464}
  m_LocalPosition: {x: -0.016985875, y: 0.00092037197, z: 0.0034809422}
  m_LocalScale: {x: 1.0000108, y: 0.9999874, z: 1.0000014}
  m_Children:
  - {fileID: 4140828021892324}
  m_Father: {fileID: 4908859286864052}
  m_RootOrder: 3
  m_LocalEulerAnglesHint: {x: 0, y: 0, z: 0}
--- !u!4 &4140828021892324
Transform:
  m_ObjectHideFlags: 1
  m_PrefabParentObject: {fileID: 0}
  m_PrefabInternal: {fileID: 100100000}
  m_GameObject: {fileID: 1021530890332710}
  m_LocalRotation: {x: -0.0000029241144, y: -0.000002256794, z: -0.022653798, w: 0.9997434}
  m_LocalPosition: {x: -0.007792282, y: 0.000000114440915, z: -0.000000038146972}
  m_LocalScale: {x: 1.0000124, y: 0.9999861, z: 1.0000015}
  m_Children:
  - {fileID: 4697153665171336}
  m_Father: {fileID: 4087355890944238}
  m_RootOrder: 0
  m_LocalEulerAnglesHint: {x: 0, y: 0, z: 0}
--- !u!4 &4187631128990222
Transform:
  m_ObjectHideFlags: 1
  m_PrefabParentObject: {fileID: 0}
  m_PrefabInternal: {fileID: 100100000}
  m_GameObject: {fileID: 1106186804062004}
  m_LocalRotation: {x: 0.50000006, y: -0.50000006, z: -0.49999994, w: 0.49999994}
  m_LocalPosition: {x: 0.0000000071529525, y: 0.16123144, z: 0.003812153}
  m_LocalScale: {x: 0.99999994, y: 0.99999994, z: 0.99999994}
  m_Children:
  - {fileID: 4985307085896314}
  - {fileID: 4511708870132356}
  - {fileID: 4853039380989724}
  m_Father: {fileID: 4776066154278242}
  m_RootOrder: 2
  m_LocalEulerAnglesHint: {x: 0, y: 0, z: 0}
--- !u!4 &4220221112163484
Transform:
  m_ObjectHideFlags: 1
  m_PrefabParentObject: {fileID: 0}
  m_PrefabInternal: {fileID: 100100000}
  m_GameObject: {fileID: 1364413378419138}
  m_LocalRotation: {x: -0.008625876, y: -0.0049512596, z: 0.07051032, w: 0.9974615}
  m_LocalPosition: {x: -0.05893881, y: 0.000000024437904, z: 0.000000042915342}
  m_LocalScale: {x: 0.99999994, y: 1, z: 1.0000001}
  m_Children:
  - {fileID: 4697480014495664}
  m_Father: {fileID: 4985307085896314}
  m_RootOrder: 0
  m_LocalEulerAnglesHint: {x: 0, y: 0, z: 0}
--- !u!4 &4229532303891402
Transform:
  m_ObjectHideFlags: 1
  m_PrefabParentObject: {fileID: 0}
  m_PrefabInternal: {fileID: 100100000}
  m_GameObject: {fileID: 1631453397315154}
  m_LocalRotation: {x: 0.0000016119282, y: 0.0000011386317, z: -0.023588391, w: 0.99972177}
  m_LocalPosition: {x: -0.0074188993, y: -0.000000114440915, z: 0.000000014305114}
  m_LocalScale: {x: 0.99998385, y: 1.0000153, z: 0.9999996}
  m_Children: []
  m_Father: {fileID: 4709224049318050}
  m_RootOrder: 0
  m_LocalEulerAnglesHint: {x: 0, y: 0, z: 0}
--- !u!4 &4252772906078490
Transform:
  m_ObjectHideFlags: 1
  m_PrefabParentObject: {fileID: 0}
  m_PrefabInternal: {fileID: 100100000}
  m_GameObject: {fileID: 1932002968717192}
  m_LocalRotation: {x: -0.000004808121, y: -0.0000034435382, z: -0.022527555, w: 0.99974626}
  m_LocalPosition: {x: -0.0056449506, y: 0.000000076293944, z: -0.0000000333786}
  m_LocalScale: {x: 1.0000105, y: 0.9999852, z: 1.0000039}
  m_Children: []
  m_Father: {fileID: 4954790396030454}
  m_RootOrder: 0
  m_LocalEulerAnglesHint: {x: 0, y: 0, z: 0}
--- !u!4 &4280148439332360
Transform:
  m_ObjectHideFlags: 1
  m_PrefabParentObject: {fileID: 0}
  m_PrefabInternal: {fileID: 100100000}
  m_GameObject: {fileID: 1656000538579236}
  m_LocalRotation: {x: 0.0000015675323, y: 0.0000003874302, z: -0.040972255, w: 0.9991603}
  m_LocalPosition: {x: -0.0074191475, y: 0.00000015258789, z: 0.000000011920928}
  m_LocalScale: {x: 1.0000141, y: 0.9999853, z: 1.0000002}
  m_Children:
  - {fileID: 4719335004627676}
  m_Father: {fileID: 4478683992335952}
  m_RootOrder: 0
  m_LocalEulerAnglesHint: {x: 0, y: 0, z: 0}
--- !u!4 &4331085626906390
Transform:
  m_ObjectHideFlags: 1
  m_PrefabParentObject: {fileID: 0}
  m_PrefabInternal: {fileID: 100100000}
  m_GameObject: {fileID: 1056646051528072}
  m_LocalRotation: {x: -0.0003695428, y: 0.03989852, z: -0.009225063, w: 0.9991611}
  m_LocalPosition: {x: -0.017102813, y: 0.0010503959, z: 0.002806686}
  m_LocalScale: {x: 0.9999873, y: 1.0000117, z: 1}
  m_Children:
  - {fileID: 4962543959901072}
  m_Father: {fileID: 4982516839482832}
  m_RootOrder: 2
  m_LocalEulerAnglesHint: {x: 0, y: 0, z: 0}
--- !u!4 &4335283609078670
Transform:
  m_ObjectHideFlags: 1
  m_PrefabParentObject: {fileID: 0}
  m_PrefabInternal: {fileID: 100100000}
  m_GameObject: {fileID: 1665709447715952}
  m_LocalRotation: {x: -0.025802396, y: -0.23012008, z: -0.099340886, w: 0.9677347}
  m_LocalPosition: {x: -0.027259974, y: -0.0000005060865, z: 0.0000018849971}
  m_LocalScale: {x: 1.0000001, y: 1.0000001, z: 0.9999999}
  m_Children:
  - {fileID: 4083624463944710}
  m_Father: {fileID: 4604777313554608}
  m_RootOrder: 0
  m_LocalEulerAnglesHint: {x: -5.4890003, y: -26.250002, z: -10.441001}
--- !u!4 &4353484276717206
Transform:
  m_ObjectHideFlags: 1
  m_PrefabParentObject: {fileID: 0}
  m_PrefabInternal: {fileID: 100100000}
  m_GameObject: {fileID: 1990585220397032}
  m_LocalRotation: {x: -0.031553272, y: -0.5931466, z: -0.078391746, w: 0.8006474}
  m_LocalPosition: {x: -0.0026694296, y: -0.003482113, z: -0.0013833701}
  m_LocalScale: {x: 1.0000033, y: 0.99998295, z: 1.0000135}
  m_Children:
  - {fileID: 4361175100776606}
  m_Father: {fileID: 4908859286864052}
  m_RootOrder: 0
  m_LocalEulerAnglesHint: {x: 0, y: 0, z: 0}
--- !u!4 &4361175100776606
Transform:
  m_ObjectHideFlags: 1
  m_PrefabParentObject: {fileID: 0}
  m_PrefabInternal: {fileID: 100100000}
  m_GameObject: {fileID: 1924592725951518}
  m_LocalRotation: {x: 0.005055603, y: 0.09361798, z: -0.0051532467, w: 0.99558204}
  m_LocalPosition: {x: -0.014211225, y: 0.000000076293944, z: 0.000000076293944}
  m_LocalScale: {x: 1.0000043, y: 0.9999821, z: 1.0000135}
  m_Children:
  - {fileID: 4955675630514598}
  m_Father: {fileID: 4353484276717206}
  m_RootOrder: 0
  m_LocalEulerAnglesHint: {x: 0, y: 0, z: 0}
--- !u!4 &4363213522281872
Transform:
  m_ObjectHideFlags: 1
  m_PrefabParentObject: {fileID: 0}
  m_PrefabInternal: {fileID: 100100000}
  m_GameObject: {fileID: 1534035129833518}
  m_LocalRotation: {x: 0.00000014289509, y: -0.000014256659, z: -0.045702353, w: 0.99895513}
  m_LocalPosition: {x: -0.0002527046, y: 0.00994248, z: 6.2727396e-10}
  m_LocalScale: {x: 1, y: 1, z: 1}
  m_Children:
  - {fileID: 4888137361924018}
  m_Father: {fileID: 4547640928331354}
  m_RootOrder: 1
  m_LocalEulerAnglesHint: {x: 0, y: 0, z: 0}
--- !u!4 &4373430826777614
Transform:
  m_ObjectHideFlags: 1
  m_PrefabParentObject: {fileID: 0}
  m_PrefabInternal: {fileID: 100100000}
  m_GameObject: {fileID: 1299207187928764}
  m_LocalRotation: {x: -0.0000030863698, y: -0.0000020223085, z: -0.022638451, w: 0.99974376}
  m_LocalPosition: {x: -0.00779211, y: -0.000000114440915, z: -0.0000000333786}
  m_LocalScale: {x: 0.9999873, y: 1.0000132, z: 0.9999986}
  m_Children:
  - {fileID: 4467861731061630}
  m_Father: {fileID: 4733017944926944}
  m_RootOrder: 0
  m_LocalEulerAnglesHint: {x: 0, y: 0, z: 0}
--- !u!4 &4382000530512064
Transform:
  m_ObjectHideFlags: 1
  m_PrefabParentObject: {fileID: 0}
  m_PrefabInternal: {fileID: 100100000}
  m_GameObject: {fileID: 1618985902921454}
  m_LocalRotation: {x: -0.0000004879783, y: -0.00000045710013, z: -0.026063737, w: 0.9996603}
  m_LocalPosition: {x: -0.008316288, y: -0.0000001335144, z: -0.0000000077486035}
  m_LocalScale: {x: 0.9999839, y: 1.000015, z: 0.99999994}
  m_Children: []
  m_Father: {fileID: 4962543959901072}
  m_RootOrder: 0
  m_LocalEulerAnglesHint: {x: 0, y: 0, z: 0}
--- !u!4 &4385309977356160
Transform:
  m_ObjectHideFlags: 1
  m_PrefabParentObject: {fileID: 0}
  m_PrefabInternal: {fileID: 100100000}
  m_GameObject: {fileID: 1895244711675228}
  m_LocalRotation: {x: -0.00000505823, y: -0.0000030580766, z: -0.02251518, w: 0.9997465}
  m_LocalPosition: {x: -0.0056448365, y: -0.000000057220458, z: -0.000000038146972}
  m_LocalScale: {x: 0.999989, y: 1.0000138, z: 0.99999607}
  m_Children: []
  m_Father: {fileID: 4714765298342714}
  m_RootOrder: 0
  m_LocalEulerAnglesHint: {x: 0, y: 0, z: 0}
--- !u!4 &4386815406882646
Transform:
  m_ObjectHideFlags: 1
  m_PrefabParentObject: {fileID: 0}
  m_PrefabInternal: {fileID: 100100000}
  m_GameObject: {fileID: 1818171371979762}
  m_LocalRotation: {x: -0.00000051737055, y: -0.00000052944455, z: -0.026079152, w: 0.9996599}
  m_LocalPosition: {x: -0.008316517, y: 0.0000001335144, z: -0.0000000077486035}
  m_LocalScale: {x: 1.000014, y: 0.9999856, z: 0.99999994}
  m_Children:
  - {fileID: 4743177085057416}
  m_Father: {fileID: 4661690303149014}
  m_RootOrder: 0
  m_LocalEulerAnglesHint: {x: 0, y: 0, z: 0}
--- !u!4 &4399427120644810
Transform:
  m_ObjectHideFlags: 1
  m_PrefabParentObject: {fileID: 0}
  m_PrefabInternal: {fileID: 100100000}
  m_GameObject: {fileID: 1450012359356240}
  m_LocalRotation: {x: -0.7071068, y: 0, z: -0, w: 0.7071068}
  m_LocalPosition: {x: -0.0000019359588, y: 0.0009828185, z: 0.004567194}
  m_LocalScale: {x: 1, y: 1, z: 1}
  m_Children: []
  m_Father: {fileID: 4776066154278242}
  m_RootOrder: 4
  m_LocalEulerAnglesHint: {x: 0, y: 0, z: 0}
--- !u!4 &4414944463395746
Transform:
  m_ObjectHideFlags: 1
  m_PrefabParentObject: {fileID: 0}
  m_PrefabInternal: {fileID: 100100000}
  m_GameObject: {fileID: 1672630072914662}
  m_LocalRotation: {x: -0.009266198, y: -0.009736676, z: -0.025614284, w: 0.9995816}
  m_LocalPosition: {x: -0.017639179, y: 0.00048028945, z: 0.010694048}
  m_LocalScale: {x: 1.0000079, y: 0.9999879, z: 1.0000039}
  m_Children:
  - {fileID: 4954790396030454}
  m_Father: {fileID: 4908859286864052}
  m_RootOrder: 4
  m_LocalEulerAnglesHint: {x: 0, y: 0, z: 0}
--- !u!4 &4437603216925224
Transform:
  m_ObjectHideFlags: 1
  m_PrefabParentObject: {fileID: 0}
  m_PrefabInternal: {fileID: 100100000}
  m_GameObject: {fileID: 1442562919814892}
  m_LocalRotation: {x: 0.0000014157549, y: 0.00000028508816, z: 0.002969427, w: 0.9999956}
  m_LocalPosition: {x: -0.033041228, y: 0, z: -2.2737367e-15}
  m_LocalScale: {x: 1.0000001, y: 1.0000002, z: 1}
  m_Children:
  - {fileID: 4773152503110352}
  m_Father: {fileID: 4853039380989724}
  m_RootOrder: 0
  m_LocalEulerAnglesHint: {x: 0, y: 0, z: 0}
--- !u!4 &4467861731061630
Transform:
  m_ObjectHideFlags: 1
  m_PrefabParentObject: {fileID: 0}
  m_PrefabInternal: {fileID: 100100000}
  m_GameObject: {fileID: 1775449748166834}
  m_LocalRotation: {x: -0.0000029868831, y: -0.0000021541964, z: -0.022639068, w: 0.9997437}
  m_LocalPosition: {x: -0.007792091, y: -0.000000095367426, z: -0.000000038146972}
  m_LocalScale: {x: 0.999986, y: 1.0000147, z: 0.9999986}
  m_Children: []
  m_Father: {fileID: 4373430826777614}
  m_RootOrder: 0
  m_LocalEulerAnglesHint: {x: 0, y: 0, z: 0}
--- !u!4 &4478683992335952
Transform:
  m_ObjectHideFlags: 1
  m_PrefabParentObject: {fileID: 0}
  m_PrefabInternal: {fileID: 100100000}
  m_GameObject: {fileID: 1647754516701454}
  m_LocalRotation: {x: -0.0014868373, y: -0.15477458, z: 0.0067239194, w: 0.9879258}
  m_LocalPosition: {x: -0.016612738, y: 0.0010326195, z: -0.009811259}
  m_LocalScale: {x: 1.0000105, y: 0.9999889, z: 1.0000002}
  m_Children:
  - {fileID: 4280148439332360}
  m_Father: {fileID: 4908859286864052}
  m_RootOrder: 1
  m_LocalEulerAnglesHint: {x: 0, y: 0, z: 0}
--- !u!4 &4511708870132356
Transform:
  m_ObjectHideFlags: 1
  m_PrefabParentObject: {fileID: 0}
  m_PrefabInternal: {fileID: 100100000}
  m_GameObject: {fileID: 1165863067379886}
  m_LocalRotation: {x: 0.031655025, y: 0.9989659, z: -0.032634318, w: 0.0002760543}
  m_LocalPosition: {x: 0.020484742, y: 0.01053591, z: -0.034624424}
  m_LocalScale: {x: 1, y: 1, z: 1}
  m_Children:
  - {fileID: 4013389868779410}
  m_Father: {fileID: 4187631128990222}
  m_RootOrder: 1
  m_LocalEulerAnglesHint: {x: 0, y: 0, z: 0}
--- !u!4 &4542769046380026
Transform:
  m_ObjectHideFlags: 1
  m_PrefabParentObject: {fileID: 0}
  m_PrefabInternal: {fileID: 100100000}
  m_GameObject: {fileID: 1419493082677846}
  m_LocalRotation: {x: 0.0049996986, y: 0.8628062, z: -0.0027518072, w: 0.5055027}
  m_LocalPosition: {x: 0.012160884, y: 0.013618808, z: 0.02446966}
  m_LocalScale: {x: 1, y: 1, z: 1}
  m_Children:
  - {fileID: 4799115290536352}
  m_Father: {fileID: 4547640928331354}
  m_RootOrder: 0
  m_LocalEulerAnglesHint: {x: 0.56200004, y: 119.271, z: 0.335}
--- !u!4 &4547640928331354
Transform:
  m_ObjectHideFlags: 1
  m_PrefabParentObject: {fileID: 0}
  m_PrefabInternal: {fileID: 100100000}
  m_GameObject: {fileID: 1167013032365496}
  m_LocalRotation: {x: 0.000000115948716, y: 0.0000002725015, z: -0.12539527, w: 0.99210685}
  m_LocalPosition: {x: -0.059466038, y: 0, z: 0}
  m_LocalScale: {x: 0.9999994, y: 0.9999991, z: 1}
  m_Children:
  - {fileID: 4542769046380026}
  - {fileID: 4363213522281872}
  - {fileID: 4604777313554608}
  m_Father: {fileID: 4773152503110352}
  m_RootOrder: 0
  m_LocalEulerAnglesHint: {x: 0, y: 0, z: 0}
--- !u!4 &4575510652301902
Transform:
  m_ObjectHideFlags: 1
  m_PrefabParentObject: {fileID: 0}
  m_PrefabInternal: {fileID: 100100000}
  m_GameObject: {fileID: 1309629792237876}
  m_LocalRotation: {x: 0.50000006, y: -0.50000006, z: -0.49999994, w: 0.49999994}
  m_LocalPosition: {x: -0, y: 0, z: 0}
  m_LocalScale: {x: 0.99999994, y: 0.99999994, z: 0.99999994}
  m_Children: []
  m_Father: {fileID: 4776066154278242}
  m_RootOrder: 0
  m_LocalEulerAnglesHint: {x: 0, y: 0, z: 0}
--- !u!4 &4604777313554608
Transform:
  m_ObjectHideFlags: 1
  m_PrefabParentObject: {fileID: 0}
  m_PrefabInternal: {fileID: 100100000}
  m_GameObject: {fileID: 1917547054959986}
  m_LocalRotation: {x: 0.021206027, y: -0.89368695, z: -0.00052350503, w: 0.44818938}
  m_LocalPosition: {x: 0.012160937, y: 0.013619255, z: -0.024470182}
  m_LocalScale: {x: 1, y: 1, z: 0.99999994}
  m_Children:
  - {fileID: 4335283609078670}
  m_Father: {fileID: 4547640928331354}
  m_RootOrder: 2
  m_LocalEulerAnglesHint: {x: 1.036, y: -126.75201, z: -2.1990001}
--- !u!4 &4616022665270274
Transform:
  m_ObjectHideFlags: 1
  m_PrefabParentObject: {fileID: 0}
  m_PrefabInternal: {fileID: 100100000}
  m_GameObject: {fileID: 1821930165451610}
  m_LocalRotation: {x: -0.70710695, y: -0.00000016858735, z: -0.00000016858743, w: 0.7071066}
  m_LocalPosition: {x: -0.0000019454956, y: 0.0009828185, z: 0.004567194}
  m_LocalScale: {x: 1, y: 1, z: 1}
  m_Children: []
  m_Father: {fileID: 4776066154278242}
  m_RootOrder: 5
  m_LocalEulerAnglesHint: {x: 0, y: 0, z: 0}
--- !u!4 &4636776571849666
Transform:
  m_ObjectHideFlags: 1
  m_PrefabParentObject: {fileID: 0}
  m_PrefabInternal: {fileID: 100100000}
  m_GameObject: {fileID: 1063336703031464}
  m_LocalRotation: {x: 0.009259879, y: 0.009754549, z: -0.02561174, w: 0.9995815}
  m_LocalPosition: {x: -0.017638778, y: 0.00047971724, z: -0.010694112}
  m_LocalScale: {x: 0.9999917, y: 1.0000113, z: 0.999996}
  m_Children:
  - {fileID: 4714765298342714}
  m_Father: {fileID: 4982516839482832}
  m_RootOrder: 4
  m_LocalEulerAnglesHint: {x: 0, y: 0, z: 0}
--- !u!4 &4655786041188214
Transform:
  m_ObjectHideFlags: 1
  m_PrefabParentObject: {fileID: 0}
  m_PrefabInternal: {fileID: 100100000}
  m_GameObject: {fileID: 1545426732318016}
  m_LocalRotation: {x: 0.000014333691, y: -0.00016201254, z: -0.05383546, w: 0.9985498}
  m_LocalPosition: {x: -0.0076099774, y: -0.000000019073486, z: 0.000000057220458}
  m_LocalScale: {x: 0.99999535, y: 1.0000178, z: 0.9999859}
  m_Children: []
  m_Father: {fileID: 4790696481747602}
  m_RootOrder: 0
  m_LocalEulerAnglesHint: {x: 0, y: 0, z: 0}
--- !u!4 &4661690303149014
Transform:
  m_ObjectHideFlags: 1
  m_PrefabParentObject: {fileID: 0}
  m_PrefabInternal: {fileID: 100100000}
  m_GameObject: {fileID: 1749085884522182}
  m_LocalRotation: {x: 0.00036637275, y: -0.0398994, z: -0.009242772, w: 0.9991609}
  m_LocalPosition: {x: -0.017103253, y: 0.0010509872, z: -0.002806753}
  m_LocalScale: {x: 1.0000122, y: 0.9999874, z: 0.99999994}
  m_Children:
  - {fileID: 4386815406882646}
  m_Father: {fileID: 4908859286864052}
  m_RootOrder: 2
  m_LocalEulerAnglesHint: {x: 0, y: 0, z: 0}
--- !u!4 &4673243412190600
Transform:
  m_ObjectHideFlags: 1
  m_PrefabParentObject: {fileID: 0}
  m_PrefabInternal: {fileID: 100100000}
  m_GameObject: {fileID: 1369908544722402}
  m_LocalRotation: {x: 0.002468814, y: -0.010607317, z: -0.36325213, w: 0.9316272}
  m_LocalPosition: {x: -0.025070343, y: 0.002082839, z: -0.00005530119}
  m_LocalScale: {x: 0.9999961, y: 1.000004, z: 1}
  m_Children: []
  m_Father: {fileID: 4885684550130338}
  m_RootOrder: 0
  m_LocalEulerAnglesHint: {x: 0, y: 0, z: 0}
--- !u!4 &4697153665171336
Transform:
  m_ObjectHideFlags: 1
  m_PrefabParentObject: {fileID: 0}
  m_PrefabInternal: {fileID: 100100000}
  m_GameObject: {fileID: 1994967730336316}
  m_LocalRotation: {x: -0.000002824651, y: -0.0000023895504, z: -0.02265317, w: 0.9997434}
  m_LocalPosition: {x: -0.007792301, y: 0.000000114440915, z: -0.000000038146972}
  m_LocalScale: {x: 1.0000137, y: 0.99998486, z: 1.0000015}
  m_Children: []
  m_Father: {fileID: 4140828021892324}
  m_RootOrder: 0
  m_LocalEulerAnglesHint: {x: 0, y: 0, z: 0}
--- !u!4 &4697480014495664
Transform:
  m_ObjectHideFlags: 1
  m_PrefabParentObject: {fileID: 0}
  m_PrefabInternal: {fileID: 100100000}
  m_GameObject: {fileID: 1319163946619266}
  m_LocalRotation: {x: 0.02972748, y: 0.010132114, z: -0.49326873, w: 0.86930984}
  m_LocalPosition: {x: -0.060679317, y: 5.9604643e-10, z: 0}
  m_LocalScale: {x: 0.9999996, y: 1.0000005, z: 0.9999999}
  m_Children:
  - {fileID: 4921558258130516}
  m_Father: {fileID: 4220221112163484}
  m_RootOrder: 0
  m_LocalEulerAnglesHint: {x: 0, y: 0, z: 0}
--- !u!4 &4709224049318050
Transform:
  m_ObjectHideFlags: 1
  m_PrefabParentObject: {fileID: 0}
  m_PrefabInternal: {fileID: 100100000}
  m_GameObject: {fileID: 1058263469840618}
  m_LocalRotation: {x: 0.0000019475115, y: 0.00000029802317, z: -0.040959366, w: 0.9991608}
  m_LocalPosition: {x: -0.0074189757, y: -0.0000001335144, z: 0.000000014305114}
  m_LocalScale: {x: 0.9999853, y: 1.000014, z: 0.9999997}
  m_Children:
  - {fileID: 4229532303891402}
  m_Father: {fileID: 4830038925710808}
  m_RootOrder: 0
  m_LocalEulerAnglesHint: {x: 0, y: 0, z: 0}
--- !u!4 &4714765298342714
Transform:
  m_ObjectHideFlags: 1
  m_PrefabParentObject: {fileID: 0}
  m_PrefabInternal: {fileID: 100100000}
  m_GameObject: {fileID: 1844232069745962}
  m_LocalRotation: {x: -0.0000052120654, y: -0.0000025033914, z: -0.02624818, w: 0.9996555}
  m_LocalPosition: {x: -0.0056449696, y: -0.000000095367426, z: -0.000000028610229}
  m_LocalScale: {x: 0.99999017, y: 1.0000128, z: 0.999996}
  m_Children:
  - {fileID: 4385309977356160}
  m_Father: {fileID: 4636776571849666}
  m_RootOrder: 0
  m_LocalEulerAnglesHint: {x: 0, y: 0, z: 0}
--- !u!4 &4719335004627676
Transform:
  m_ObjectHideFlags: 1
  m_PrefabParentObject: {fileID: 0}
  m_PrefabInternal: {fileID: 100100000}
  m_GameObject: {fileID: 1133910784538760}
  m_LocalRotation: {x: 0.0000014142618, y: 0.0000012273712, z: -0.023602365, w: 0.99972147}
  m_LocalPosition: {x: -0.0074191284, y: 0.000000114440915, z: 0.000000026226044}
  m_LocalScale: {x: 1.0000156, y: 0.99998397, z: 1.0000002}
  m_Children: []
  m_Father: {fileID: 4280148439332360}
  m_RootOrder: 0
  m_LocalEulerAnglesHint: {x: 0, y: 0, z: 0}
--- !u!4 &4733017944926944
Transform:
  m_ObjectHideFlags: 1
  m_PrefabParentObject: {fileID: 0}
  m_PrefabInternal: {fileID: 100100000}
  m_GameObject: {fileID: 1784102622022858}
  m_LocalRotation: {x: 0.0035266574, y: 0.0036981734, z: -0.02245683, w: 0.99973476}
  m_LocalPosition: {x: -0.016985454, y: 0.0009197998, z: -0.0034810076}
  m_LocalScale: {x: 0.9999887, y: 1.0000118, z: 0.99999857}
  m_Children:
  - {fileID: 4373430826777614}
  m_Father: {fileID: 4982516839482832}
  m_RootOrder: 3
  m_LocalEulerAnglesHint: {x: 0, y: 0, z: 0}
--- !u!4 &4743177085057416
Transform:
  m_ObjectHideFlags: 1
  m_PrefabParentObject: {fileID: 0}
  m_PrefabInternal: {fileID: 100100000}
  m_GameObject: {fileID: 1185714572893752}
  m_LocalRotation: {x: -0.00000049007633, y: -0.00000055455297, z: -0.02607837, w: 0.9996599}
  m_LocalPosition: {x: -0.0083165355, y: 0.0000001335144, z: -0.000000012516975}
  m_LocalScale: {x: 1.0000156, y: 0.9999839, z: 0.99999994}
  m_Children: []
  m_Father: {fileID: 4386815406882646}
  m_RootOrder: 0
  m_LocalEulerAnglesHint: {x: 0, y: 0, z: 0}
--- !u!4 &4773152503110352
Transform:
  m_ObjectHideFlags: 1
  m_PrefabParentObject: {fileID: 0}
  m_PrefabInternal: {fileID: 100100000}
  m_GameObject: {fileID: 1073169082695982}
  m_LocalRotation: {x: -0.0000017810092, y: -0.0000002786283, z: 0.12181705, w: 0.9925526}
  m_LocalPosition: {x: -0.028929481, y: 0, z: 0}
  m_LocalScale: {x: 1, y: 1.0000004, z: 1}
  m_Children:
  - {fileID: 4547640928331354}
  m_Father: {fileID: 4437603216925224}
  m_RootOrder: 0
  m_LocalEulerAnglesHint: {x: 0, y: 0, z: 0}
--- !u!4 &4776066154278242
Transform:
  m_ObjectHideFlags: 1
  m_PrefabParentObject: {fileID: 0}
  m_PrefabInternal: {fileID: 100100000}
  m_GameObject: {fileID: 1976049219658736}
  m_LocalRotation: {x: 0, y: 0, z: 0, w: 1}
  m_LocalPosition: {x: 0, y: 0, z: 0}
  m_LocalScale: {x: 1, y: 1, z: 1}
  m_Children:
  - {fileID: 4575510652301902}
  - {fileID: 4947182105519184}
  - {fileID: 4187631128990222}
  - {fileID: 4959591396905506}
  - {fileID: 4399427120644810}
  - {fileID: 4616022665270274}
  m_Father: {fileID: 0}
  m_RootOrder: 0
  m_LocalEulerAnglesHint: {x: 0, y: 0, z: 0}
--- !u!4 &4790696481747602
Transform:
  m_ObjectHideFlags: 1
  m_PrefabParentObject: {fileID: 0}
  m_PrefabInternal: {fileID: 100100000}
  m_GameObject: {fileID: 1374554394746612}
  m_LocalRotation: {x: -0.0050442736, y: -0.09362828, z: -0.005149606, w: 0.99558115}
  m_LocalPosition: {x: -0.014211125, y: -0.000000095367426, z: 0.000000076293944}
  m_LocalScale: {x: 0.99999577, y: 1.0000174, z: 0.99998593}
  m_Children:
  - {fileID: 4655786041188214}
  m_Father: {fileID: 4800107888896272}
  m_RootOrder: 0
  m_LocalEulerAnglesHint: {x: 0, y: 0, z: 0}
--- !u!4 &4799115290536352
Transform:
  m_ObjectHideFlags: 1
  m_PrefabParentObject: {fileID: 0}
  m_PrefabInternal: {fileID: 100100000}
  m_GameObject: {fileID: 1910413354558226}
  m_LocalRotation: {x: 0.0880904, y: 0.32450655, z: -0.109978616, w: 0.93532896}
  m_LocalPosition: {x: -0.027258044, y: 0.00000056195495, z: -0.0000018849969}
  m_LocalScale: {x: 0.9999999, y: 0.99999994, z: 0.99999994}
  m_Children:
  - {fileID: 4977250638894686}
  m_Father: {fileID: 4542769046380026}
  m_RootOrder: 0
  m_LocalEulerAnglesHint: {x: 13.660001, y: 37.212, z: -8.794001}
--- !u!4 &4800107888896272
Transform:
  m_ObjectHideFlags: 1
  m_PrefabParentObject: {fileID: 0}
  m_PrefabInternal: {fileID: 100100000}
  m_GameObject: {fileID: 1824461247733088}
  m_LocalRotation: {x: 0.0315446, y: 0.5931531, z: -0.07837823, w: 0.8006442}
  m_LocalPosition: {x: -0.0026694678, y: -0.0034823036, z: 0.0013833791}
  m_LocalScale: {x: 0.99999666, y: 1.0000165, z: 0.9999859}
  m_Children:
  - {fileID: 4790696481747602}
  m_Father: {fileID: 4982516839482832}
  m_RootOrder: 0
  m_LocalEulerAnglesHint: {x: 0, y: 0, z: 0}
--- !u!4 &4830038925710808
Transform:
  m_ObjectHideFlags: 1
  m_PrefabParentObject: {fileID: 0}
  m_PrefabInternal: {fileID: 100100000}
  m_GameObject: {fileID: 1715287787086182}
  m_LocalRotation: {x: 0.006952433, y: 0.14172813, z: -0.04211532, w: 0.9889849}
  m_LocalPosition: {x: -0.016616533, y: 0.0010401491, z: 0.009808798}
  m_LocalScale: {x: 0.9999888, y: 1.0000104, z: 0.9999997}
  m_Children:
  - {fileID: 4709224049318050}
  m_Father: {fileID: 4982516839482832}
  m_RootOrder: 1
  m_LocalEulerAnglesHint: {x: 1.4720001, y: 16.251001, z: -4.6670003}
--- !u!4 &4853039380989724
Transform:
  m_ObjectHideFlags: 1
  m_PrefabParentObject: {fileID: 0}
  m_PrefabInternal: {fileID: 100100000}
  m_GameObject: {fileID: 1676925667474990}
  m_LocalRotation: {x: 0.00000023180736, y: -0.00000008861615, z: 0.0012145853, w: 0.9999993}
  m_LocalPosition: {x: -0.022393435, y: 0.011703318, z: -0.0000000029810383}
  m_LocalScale: {x: 1.0000004, y: 1.0000004, z: 1}
  m_Children:
  - {fileID: 4437603216925224}
  m_Father: {fileID: 4187631128990222}
  m_RootOrder: 2
  m_LocalEulerAnglesHint: {x: 0, y: 0, z: 0}
--- !u!4 &4885684550130338
Transform:
  m_ObjectHideFlags: 1
  m_PrefabParentObject: {fileID: 0}
  m_PrefabInternal: {fileID: 100100000}
  m_GameObject: {fileID: 1049372919145778}
  m_LocalRotation: {x: -0.029778162, y: -0.010343493, z: -0.49298522, w: 0.8694664}
  m_LocalPosition: {x: -0.06067932, y: -0.0000000017881393, z: 0}
  m_LocalScale: {x: 1.0000005, y: 0.9999997, z: 1.0000001}
  m_Children:
  - {fileID: 4673243412190600}
  m_Father: {fileID: 4013389868779410}
  m_RootOrder: 0
  m_LocalEulerAnglesHint: {x: 0, y: 0, z: 0}
--- !u!4 &4888137361924018
Transform:
  m_ObjectHideFlags: 1
  m_PrefabParentObject: {fileID: 0}
  m_PrefabInternal: {fileID: 100100000}
  m_GameObject: {fileID: 1676424650337854}
  m_LocalRotation: {x: -0.00000002344639, y: -0.00000006076197, z: 0.34877646, w: 0.937206}
  m_LocalPosition: {x: -0.0131311985, y: 0, z: 0}
  m_LocalScale: {x: 0.99999994, y: 0.99999994, z: 1}
  m_Children:
  - {fileID: 4984132203357676}
  m_Father: {fileID: 4363213522281872}
  m_RootOrder: 0
  m_LocalEulerAnglesHint: {x: 0, y: 0, z: 0}
--- !u!4 &4908859286864052
Transform:
  m_ObjectHideFlags: 1
  m_PrefabParentObject: {fileID: 0}
  m_PrefabInternal: {fileID: 100100000}
  m_GameObject: {fileID: 1812430046341840}
  m_LocalRotation: {x: 0.7618552, y: -0.000248976, z: 0.016913177, w: 0.6475265}
  m_LocalPosition: {x: -0.06916009, y: -0.000001246925, z: 0.0000015250502}
  m_LocalScale: {x: 1.0000114, y: 0.9999882, z: 1.0000002}
  m_Children:
  - {fileID: 4353484276717206}
  - {fileID: 4478683992335952}
  - {fileID: 4661690303149014}
  - {fileID: 4087355890944238}
  - {fileID: 4414944463395746}
  m_Father: {fileID: 4083624463944710}
  m_RootOrder: 0
  m_LocalEulerAnglesHint: {x: 99.37201, y: -8.990997, z: -7.5949707}
--- !u!4 &4921558258130516
Transform:
  m_ObjectHideFlags: 1
  m_PrefabParentObject: {fileID: 0}
  m_PrefabInternal: {fileID: 100100000}
  m_GameObject: {fileID: 1832465299408954}
  m_LocalRotation: {x: -0.0025341054, y: 0.010769728, z: -0.3630926, w: 0.93168736}
  m_LocalPosition: {x: -0.025070354, y: 0.0020830357, z: 0.000055298806}
  m_LocalScale: {x: 0.9999956, y: 1.0000045, z: 1}
  m_Children: []
  m_Father: {fileID: 4697480014495664}
  m_RootOrder: 0
  m_LocalEulerAnglesHint: {x: 0, y: 0, z: 0}
--- !u!4 &4947182105519184
Transform:
  m_ObjectHideFlags: 1
  m_PrefabParentObject: {fileID: 0}
  m_PrefabInternal: {fileID: 100100000}
  m_GameObject: {fileID: 1915832937945704}
  m_LocalRotation: {x: 0.50000006, y: -0.50000006, z: -0.49999994, w: 0.49999994}
  m_LocalPosition: {x: -0.03518076, y: -3.1331984e-10, z: 0.008820696}
  m_LocalScale: {x: 0.99999994, y: 0.99999994, z: 0.99999994}
  m_Children: []
  m_Father: {fileID: 4776066154278242}
  m_RootOrder: 1
  m_LocalEulerAnglesHint: {x: 0, y: 0, z: 0}
--- !u!4 &4954790396030454
Transform:
  m_ObjectHideFlags: 1
  m_PrefabParentObject: {fileID: 0}
  m_PrefabInternal: {fileID: 100100000}
  m_GameObject: {fileID: 1811348766139688}
  m_LocalRotation: {x: -0.000004959193, y: -0.000003510345, z: -0.026261628, w: 0.9996551}
  m_LocalPosition: {x: -0.005645027, y: 0.000000076293944, z: -0.000000028610229}
  m_LocalScale: {x: 1.0000093, y: 0.9999864, z: 1.0000039}
  m_Children:
  - {fileID: 4252772906078490}
  m_Father: {fileID: 4414944463395746}
  m_RootOrder: 0
  m_LocalEulerAnglesHint: {x: 0, y: 0, z: 0}
--- !u!4 &4955675630514598
Transform:
  m_ObjectHideFlags: 1
  m_PrefabParentObject: {fileID: 0}
  m_PrefabInternal: {fileID: 100100000}
  m_GameObject: {fileID: 1277664397038324}
  m_LocalRotation: {x: -0.0000034749876, y: 0.00017057791, z: -0.053836, w: 0.9985498}
  m_LocalPosition: {x: -0.0076100444, y: 0, z: 0.000000038146972}
  m_LocalScale: {x: 1.0000046, y: 0.9999818, z: 1.0000135}
  m_Children: []
  m_Father: {fileID: 4361175100776606}
  m_RootOrder: 0
  m_LocalEulerAnglesHint: {x: 0, y: 0, z: 0}
--- !u!4 &4959591396905506
Transform:
  m_ObjectHideFlags: 1
  m_PrefabParentObject: {fileID: 0}
  m_PrefabInternal: {fileID: 100100000}
  m_GameObject: {fileID: 1219597649172406}
  m_LocalRotation: {x: 0.50000006, y: -0.50000006, z: -0.49999994, w: 0.49999994}
  m_LocalPosition: {x: 0.03518075, y: -3.133217e-10, z: 0.008820706}
  m_LocalScale: {x: 0.99999994, y: 0.99999994, z: 0.99999994}
  m_Children: []
  m_Father: {fileID: 4776066154278242}
  m_RootOrder: 3
  m_LocalEulerAnglesHint: {x: 0, y: 0, z: 0}
--- !u!4 &4962543959901072
Transform:
  m_ObjectHideFlags: 1
  m_PrefabParentObject: {fileID: 0}
  m_PrefabInternal: {fileID: 100100000}
  m_GameObject: {fileID: 1948072579747254}
  m_LocalRotation: {x: -0.0000005123148, y: -0.00000042573527, z: -0.026062964, w: 0.9996603}
  m_LocalPosition: {x: -0.008316345, y: -0.00000015258789, z: -0.00000000834465}
  m_LocalScale: {x: 0.99998546, y: 1.0000134, z: 0.99999994}
  m_Children:
  - {fileID: 4382000530512064}
  m_Father: {fileID: 4331085626906390}
  m_RootOrder: 0
  m_LocalEulerAnglesHint: {x: 0, y: 0, z: 0}
--- !u!4 &4977250638894686
Transform:
  m_ObjectHideFlags: 1
  m_PrefabParentObject: {fileID: 0}
  m_PrefabInternal: {fileID: 100100000}
  m_GameObject: {fileID: 1487783815835338}
  m_LocalRotation: {x: 0.08057688, y: 0.12368394, z: -0.08553431, w: 0.98533934}
  m_LocalPosition: {x: -0.06716265, y: 0.00000006193296, z: 0.00000064726925}
  m_LocalScale: {x: 0.9999932, y: 1.0000005, z: 1.0000057}
  m_Children:
  - {fileID: 4982516839482832}
  m_Father: {fileID: 4799115290536352}
  m_RootOrder: 0
  m_LocalEulerAnglesHint: {x: 10.367001, y: 13.519001, z: -8.690001}
--- !u!4 &4982516839482832
Transform:
  m_ObjectHideFlags: 1
  m_PrefabParentObject: {fileID: 0}
  m_PrefabInternal: {fileID: 100100000}
  m_GameObject: {fileID: 1260487779800036}
  m_LocalRotation: {x: -0.7377852, y: 0.17160857, z: 0.09964699, w: 0.6452085}
  m_LocalPosition: {x: -0.06915594, y: -0.0000008086205, z: -0.00000058952384}
  m_LocalScale: {x: 0.9999881, y: 1.0000111, z: 0.9999998}
  m_Children:
  - {fileID: 4800107888896272}
  - {fileID: 4830038925710808}
  - {fileID: 4331085626906390}
  - {fileID: 4733017944926944}
  - {fileID: 4636776571849666}
  m_Father: {fileID: 4977250638894686}
  m_RootOrder: 0
  m_LocalEulerAnglesHint: {x: -99.51199, y: -26.761993, z: 48.954987}
--- !u!4 &4984132203357676
Transform:
  m_ObjectHideFlags: 1
  m_PrefabParentObject: {fileID: 0}
  m_PrefabInternal: {fileID: 100100000}
  m_GameObject: {fileID: 1835862675606918}
  m_LocalRotation: {x: 0.0000048354373, y: 0.000014143166, z: -0.3187927, w: 0.9478245}
  m_LocalPosition: {x: -0.0586141, y: 0, z: 0}
  m_LocalScale: {x: 1, y: 1, z: 1}
  m_Children: []
  m_Father: {fileID: 4888137361924018}
  m_RootOrder: 0
  m_LocalEulerAnglesHint: {x: 0, y: 0, z: 0}
--- !u!4 &4985307085896314
Transform:
  m_ObjectHideFlags: 1
  m_PrefabParentObject: {fileID: 0}
  m_PrefabInternal: {fileID: 100100000}
  m_GameObject: {fileID: 1143801170434780}
  m_LocalRotation: {x: 0.03166662, y: 0.99896556, z: 0.032634474, w: -0.00027633714}
  m_LocalPosition: {x: 0.020484732, y: 0.01053591, z: 0.034624428}
  m_LocalScale: {x: 1, y: 1, z: 1}
  m_Children:
  - {fileID: 4220221112163484}
  m_Father: {fileID: 4187631128990222}
  m_RootOrder: 0
  m_LocalEulerAnglesHint: {x: 0, y: 0, z: 0}
--- !u!95 &95974967323433980
Animator:
  serializedVersion: 3
  m_ObjectHideFlags: 1
  m_PrefabParentObject: {fileID: 0}
  m_PrefabInternal: {fileID: 100100000}
  m_GameObject: {fileID: 1976049219658736}
  m_Enabled: 1
  m_Avatar: {fileID: 9000000, guid: 59edb2316f2dd3f41ab7a9ebddbce4eb, type: 3}
  m_Controller: {fileID: 0}
  m_CullingMode: 1
  m_UpdateMode: 0
  m_ApplyRootMotion: 1
  m_LinearVelocityBlending: 0
  m_WarningMessage: 
  m_HasTransformHierarchy: 1
  m_AllowConstantClipSamplingOptimization: 1
--- !u!137 &137375219476870782
SkinnedMeshRenderer:
  m_ObjectHideFlags: 1
  m_PrefabParentObject: {fileID: 0}
  m_PrefabInternal: {fileID: 100100000}
  m_GameObject: {fileID: 1821930165451610}
  m_Enabled: 1
  m_CastShadows: 1
  m_ReceiveShadows: 1
  m_MotionVectors: 1
  m_LightProbeUsage: 1
  m_ReflectionProbeUsage: 1
  m_Materials:
  - {fileID: 2100000, guid: 84789c7645204d34492d99df79c95fe6, type: 2}
  m_StaticBatchInfo:
    firstSubMesh: 0
    subMeshCount: 0
  m_StaticBatchRoot: {fileID: 0}
  m_ProbeAnchor: {fileID: 0}
  m_LightProbeVolumeOverride: {fileID: 0}
  m_ScaleInLightmap: 1
  m_PreserveUVs: 0
  m_IgnoreNormalsForChartDetection: 0
  m_ImportantGI: 0
  m_SelectedEditorRenderState: 3
  m_MinimumChartSize: 4
  m_AutoUVMaxDistance: 0.5
  m_AutoUVMaxAngle: 89
  m_LightmapParameters: {fileID: 0}
  m_SortingLayerID: 0
  m_SortingLayer: 0
  m_SortingOrder: 0
  serializedVersion: 2
  m_Quality: 0
  m_UpdateWhenOffscreen: 0
  m_SkinnedMotionVectors: 1
  m_Mesh: {fileID: 4300002, guid: 59edb2316f2dd3f41ab7a9ebddbce4eb, type: 3}
  m_Bones:
  - {fileID: 4984132203357676}
  m_BlendShapeWeights: []
  m_RootBone: {fileID: 4984132203357676}
  m_AABB:
    m_Center: {x: -0.126299, y: 0.0003297031, z: 0.0000037401915}
    m_Extent: {x: 0.17867294, y: 0.18074292, z: 0.17421578}
  m_DirtyAABB: 0
--- !u!137 &137974026831008490
SkinnedMeshRenderer:
  m_ObjectHideFlags: 1
  m_PrefabParentObject: {fileID: 0}
  m_PrefabInternal: {fileID: 100100000}
  m_GameObject: {fileID: 1450012359356240}
  m_Enabled: 1
  m_CastShadows: 1
  m_ReceiveShadows: 1
  m_MotionVectors: 1
  m_LightProbeUsage: 1
  m_ReflectionProbeUsage: 1
  m_Materials:
  - {fileID: 2100000, guid: 84789c7645204d34492d99df79c95fe6, type: 2}
  m_StaticBatchInfo:
    firstSubMesh: 0
    subMeshCount: 0
  m_StaticBatchRoot: {fileID: 0}
  m_ProbeAnchor: {fileID: 0}
  m_LightProbeVolumeOverride: {fileID: 0}
  m_ScaleInLightmap: 1
  m_PreserveUVs: 0
  m_IgnoreNormalsForChartDetection: 0
  m_ImportantGI: 0
  m_SelectedEditorRenderState: 3
  m_MinimumChartSize: 4
  m_AutoUVMaxDistance: 0.5
  m_AutoUVMaxAngle: 89
  m_LightmapParameters: {fileID: 0}
  m_SortingLayerID: 0
  m_SortingLayer: 0
  m_SortingOrder: 0
  serializedVersion: 2
  m_Quality: 0
  m_UpdateWhenOffscreen: 0
  m_SkinnedMotionVectors: 1
  m_Mesh: {fileID: 4300000, guid: 59edb2316f2dd3f41ab7a9ebddbce4eb, type: 3}
  m_Bones:
  - {fileID: 4984132203357676}
  - {fileID: 4363213522281872}
  - {fileID: 4547640928331354}
  - {fileID: 4187631128990222}
  - {fileID: 4853039380989724}
  - {fileID: 4437603216925224}
  - {fileID: 4542769046380026}
  - {fileID: 4799115290536352}
  - {fileID: 4977250638894686}
  - {fileID: 4982516839482832}
  - {fileID: 4800107888896272}
  - {fileID: 4985307085896314}
  - {fileID: 4220221112163484}
  - {fileID: 4511708870132356}
  - {fileID: 4697480014495664}
  - {fileID: 4921558258130516}
  - {fileID: 4331085626906390}
  - {fileID: 4733017944926944}
  - {fileID: 4830038925710808}
  - {fileID: 4636776571849666}
  - {fileID: 4790696481747602}
  - {fileID: 4714765298342714}
  - {fileID: 4385309977356160}
  - {fileID: 4373430826777614}
  - {fileID: 4467861731061630}
  - {fileID: 4962543959901072}
  - {fileID: 4382000530512064}
  - {fileID: 4709224049318050}
  - {fileID: 4229532303891402}
  - {fileID: 4655786041188214}
  - {fileID: 4604777313554608}
  - {fileID: 4335283609078670}
  - {fileID: 4083624463944710}
  - {fileID: 4908859286864052}
  - {fileID: 4013389868779410}
  - {fileID: 4885684550130338}
  - {fileID: 4673243412190600}
  - {fileID: 4661690303149014}
  - {fileID: 4087355890944238}
  - {fileID: 4478683992335952}
  - {fileID: 4414944463395746}
  - {fileID: 4353484276717206}
  - {fileID: 4361175100776606}
  - {fileID: 4954790396030454}
  - {fileID: 4252772906078490}
  - {fileID: 4140828021892324}
  - {fileID: 4697153665171336}
  - {fileID: 4386815406882646}
  - {fileID: 4743177085057416}
  - {fileID: 4280148439332360}
  - {fileID: 4719335004627676}
  - {fileID: 4955675630514598}
  m_BlendShapeWeights: []
  m_RootBone: {fileID: 4187631128990222}
  m_AABB:
    m_Center: {x: -0.14194801, y: -0.036108658, z: -0.0000021606684}
    m_Extent: {x: 0.32363912, y: 0.15276875, z: 0.2235124}
  m_DirtyAABB: 0
